2994 4902
636 297 849 356 ..65-

263 457 400 523 Prorsus
433 458 532 525 aliter
566 479 620 526 res
649 479 684 526 se
713 461 829 544 habet,
866 461 894 527 si
925 461 1033 527 altera
1060 461 1112 528 uis
1136 459 1323 543 imperativi

162 558 337 632 πυνθάνου
360 565 529 650 accipitur,
560 587 642 648 quae
664 587 702 634 eo
729 573 839 650 potest
867 569 1016 652 defendi,
1044 569 1128 650 quod
1149 569 1322 654 Iphigenia

162 691 226 739 rss.
247 680 384 739 eoa-8
409 675 645 759 interrogantis
673 693 843 757 personam
871 681 941 742 tam
966 677 1115 760 graviter
1137 677 1255 761 gessit,
1284 679 1321 741 ut

162 779 296 847 Orestes
312 783 511 864 opinaretur,
534 783 625 850 iilam
636 783 735 850 etiam
754 784 981 850 documentum
996 803 1037 850 ex
1057 785 1125 868 ipso
1139 803 1211 851 esse
1225 802 1322 865 quac-

161 888 305 954 sitnram.
348 889 449 956 Hiare
470 891 711 956 commissuram
732 892 970 958 sententiarum
982 891 1207 958 Weckleinius
1229 895 1320 958 recte

161 997 335 1078 perspexit.
383 997 475 1080 Quae
497 999 653 1080 quomodo
678 999 841 1082 implenda
874 1005 979 1083 esset,
1010 1000 1074 1066 iam
1101 1004 1180 1066 ante
1202 999 1323 1066 Weck-

160 1105 292 1171 lcinium
302 1107 507 1190 Hartnngius
520 1108 794 1174 accommodatius
816 1109 859 1175 ad
879 1109 1139 1191 persuadendum
1161 1108 1322 1191 exposuit.

161 1215 293 1280 Etenim
303 1215 506 1298 Iphigeniam
519 1217 651 1299 -quia,
663 1216 893 1300 siquidvideo,
914 1215 1062 1283 Orestem
1076 1236 1141 1286 uss,
1152 1221 1322 1283 544-568

162 1339 230 1403 ree,
262 1341 345 1401 quae
366 1324 684 1408 adAgamamnonis
705 1325 833 1390 domum
860 1329 1027 1407 spectant,
1058 1326 1144 1391 haud
1171 1325 1323 1408 ignorare
1400 1399 1403 1404 ,

161 1429 245 1496 vidit
266 1431 322 1515 (cf.
345 1450 375 1498 v.
389 1434 464 1517 592)
488 1472 516 1478 —
544 1435 690 1498 metuere
715 1431 844 1514 debere,
868 1449 918 1514 ne,
946 1433 974 1497 si
993 1433 1066 1515 ipsa
1088 1451 1130 1498 ex
1151 1433 1323 1516 peregrino

160 1556 213 1602 res
241 1539 338 1620 plane
361 1540 557 1606 domesticas
580 1540 814 1620 sciscitaretur,
841 1559 912 1606 eum
940 1540 992 1606 bis
1013 1541 1093 1622 ipsis
1114 1540 1324 1623 interrogati·

161 1645 276 1711 onibus
299 1665 336 1712 eo
357 1647 545 1730 adduceret,
569 1652 606 1713 ut
628 1652 740 1728 aptam
762 1647 1003 1729 responsionem
1025 1649 1197 1716 inveniret.
1242 1648 1324 1713 Nam

162 1753 327 1835 facillime,
340 1755 416 1834 quid
427 1755 497 1836 ipsa
509 1756 622 1837 vellet,
636 1755 798 1821 advenam
813 1760 1058 1836 perspecturum
1068 1756 1194 1838 ipsique
1203 1756 1324 1839 partim

160 1861 418 1944 interrogatione
431 1862 551 1943 partim
561 1880 696 1928 assensu
708 1863 903 1928 documenta
913 1881 985 1928 esse
998 1863 1194 1930 eliciturnm.
1234 1863 1327 1946 Quae

162 1969 189 2033 si
213 1969 273 2034 hoc
293 1971 386 2036 modo
406 1975 654 2053 cognoscuntur,
678 1989 742 2036 non
766 1971 850 2036 satis
871 1969 989 2036 idonea
1012 1990 1052 2037 ea
1074 1990 1146 2036 esse
1166 1971 1208 2037 ad
1230 1971 1325 2038 tidem

164 2077 345 2145 taciendam
368 2079 577 2146 manifestum
600 2083 661 2144 est.
695 2079 773 2145 Ideo
796 2079 977 2145 addendum
1002 2080 1144 2158 videtur,
1167 2099 1225 2146 cur
1239 2079 1327 2162 lphi-

162 2185 261 2268 genia
270 2186 429 2252 rationem
440 2187 640 2266 quaestionis
652 2187 875 2252 instituendae
885 2187 993 2252 adhuc
1003 2187 1327 2270 adhibitamrepente

163 2293 248 2359 velit
269 2294 470 2359 commutari
513 2294 607 2377 Quod
629 2293 758 2374 quidem
780 2293 1040 2360 additamentum
1063 2295 1249 2360 continetur
1269 2293 1327 2358 tri-

163 2407 267 2467 metro
292 2408 362 2468 782.
407 2401 481 2467 Huc
501 2402 629 2474 accedit
651 2402 750 2484 quod,
772 2405 810 2468 ut
830 2401 917 2466 infra
938 2400 1125 2483 apparebit,
1148 2419 1179 2468 v.
1202 2405 1263 2467 782
1285 2400 1329 2465 ad

164 2509 430 2594 stichompthiam
447 2509 654 2576 reficiendam
668 2510 873 2576 necessarius
885 2513 945 2575 est.
979 2509 1161 2576 Praeterea
1181 2510 1329 2591 exemplo

163 2617 301 2703 (Hecub.
322 2638 388 2687 uss.
412 2609 593 2685 rto-758.
616 2618 657 2683 cf.
682 2618 720 2684 G.
732 2617 829 2684 Dind.
852 2619 989 2702 annot),
1012 2615 1329 2697 quodchkleinius

167 2727 292 2808 attulit,
321 2727 490 2809 probabile
519 2727 569 2808 fit,
599 2726 755 2807 quomodo
786 2725 839 2790 hic
859 2742 974 2790 versus
1004 2724 1078 2790 olim
1102 2728 1181 2791 ante
1209 2743 1241 2792 v.
1266 2729 1331 2791 810

166 2833 290 2916 positus
310 2835 416 2901 locum
437 2853 530 2900 sunm
553 2840 679 2902 mutare
701 2833 854 2917 potuerit.
893 2832 1052 2915 Quoniam
1073 2832 1178 2916 igitur
1200 2833 1328 2900 senario

166 2948 203 3007 et
222 2947 316 3010 artus
338 2944 576 3009 sententiarum
603 2961 706 3008 nexus
733 2947 768 3007 et
789 2941 936 3020 aequalis
960 2958 1112 3007 versuum
1136 2941 1330 3007 alternanti·

166 3069 218 3115 um
240 3069 393 3117 numerus
412 3052 569 3132 nascitur,
583 3049 834 3116 Weckleiniana
854 3049 1086 3132 interpretatio
1107 3049 1185 3128 mihi
1203 3051 1329 3132 quidem

167 3156 300 3224 videtur
323 3159 541 3240 praeferenda
564 3159 605 3240 ei,
629 3177 725 3238 quam
748 3172 846 3239 supra
868 3157 1195 3224 commemoravimus

270 3267 340 3333 Iam
365 3285 403 3333 eo
427 3273 562 3334 ventum
590 3274 656 3346 est,
690 3271 727 3334 ut
749 3267 931 3349 videamuS,
962 3267 1039 3347 quid
1064 3265 1106 3332 de
1128 3285 1238 3333 eorum
1261 3283 1332 3332 sen·

166 3374 274 3442 tentia
284 3376 455 3442 dicendum
465 3377 518 3458 stt,
535 3375 589 3454 qui
604 3374 833 3442 illumvcrsum
843 3373 1049 3442 immutatum
1060 3378 1333 3457 transposuerunt
1349 3367 1355 3384 '

166 3483 200 3548 in
254 3483 353 3550 atium
409 3485 525 3549 locum.
597 3482 823 3567 Hartungius,
881 3502 1017 3564 quocum
1063 3482 1252 3565 Koechlyus
1300 3485 1335 3546 et

166 3589 337 3672 Zieglerus
360 3590 517 3672 sentiunt,
542 3608 615 3657 eum
633 3597 724 3657 recte
748 3591 876 3672 quidem
898 3596 978 3658 ante
995 3610 1043 3658 vs.
1061 3596 1125 3656 810
1149 3588 1334 3670 collocavit,

167 3699 227 3764 sed
245 3698 313 3764 sine
332 3700 420 3765 iusta
443 3719 552 3779 causa,
575 3700 724 3779 quamvis
746 3699 833 3766 haud
855 3698 978 3783 inepte,
1013 3699 1061 3764 ita
1084 3697 1242 3764 mutavit:
1264 3689 1334 3782 τάχ’

167 3802 238 3872 οὐκ
258 3802 405 3892 ἐρωτῶσ’
426 3805 472 3884 εἰς
490 3804 532 3874 τὰ
552 3802 639 3873 πίστ’
659 3802 827 3893 ἀφίξομαι.
870 3806 952 3874 Post
973 3825 1102 3873 versum
1127 3811 1189 3874 811
1214 3810 1335 3887 autem,

167 3915 223 3981 ubi
242 3915 281 3981 G.
292 3915 500 3981 Hermannus
519 3934 591 3982 eum
614 3915 675 3981 boc
694 3917 786 3982 modo
808 3921 988 3983 correctum
1009 3909 1078 4000 τάχ’
1101 3911 1143 3982 ου’
1150 3939 1171 3979 κ
1190 3906 1337 3999 ἐρωτῶ

167 4023 213 4099 εἰς
241 4017 350 4090 ἄπιστ’
371 4017 428 4106 ἀφ.
458 4025 500 4090 ad
528 4024 782 4107 stichomytbiae
811 4024 971 4092 rationem
999 4023 1238 4091 restituendam
1261 4021 1337 4104 poni

167 4131 272 4214 iussit,
295 4131 392 4198 valde
413 4148 677 4214 supervacaneus
700 4135 759 4198 est.
785 4169 826 4182 -
959 4127 964 4144 ’

271 4239 394 4306 Versus
423 4239 526 4322 igitur
564 4245 625 4306 782
657 4259 711 4322 eo,
751 4257 812 4320 quo
846 4237 879 4304 in
911 4237 1075 4306 codicibus
1109 4238 1236 4318 exstat,
1268 4235 1337 4301 loco

168 4345 238 4412 sine
262 4348 418 4428 gravibus
439 4347 636 4416 coniecturis
661 4347 775 4428 nequit
796 4344 934 4414 retineri
959 4345 1067 4426 ibique
1094 4346 1193 4426 plane
1216 4341 1339 4408 otiosus

1111 4451 1121 4476 f

1109 4471 1125 4500 ci
