<?xml version="1.0" encoding="UTF-8"?>
<!DOCTYPE html PUBLIC "-//W3C//DTD XHTML 1.0 Transitional//EN"
    "http://www.w3.org/TR/xhtml1/DTD/xhtml1-transitional.dtd">
<html xmlns="http://www.w3.org/1999/xhtml" xml:lang="en" lang="en">
 <head>
  <title>
</title>
<meta http-equiv="Content-Type" content="text/html;charset=utf-8" />
  <meta name='ocr-system' content='tesseract 3.04.00' />
  <meta name='ocr-capabilities' content='ocr_page ocr_carea ocr_par ocr_line ocrx_word'/>
</head>
<body>
  <div class='ocr_page' id='page_1' title='image "./deversibussuspe00schugoog_0063.png"; bbox 0 0 2994 4902; ppageno 0'>
   <div class='ocr_carea' id='block_1_1' title="bbox 603 187 830 260">
    <p class='ocr_par' dir='ltr' id='par_1_1' title="bbox 603 187 830 260">
     <span class='ocr_line' id='line_1_1' title="bbox 603 187 830 260; baseline 0 0"><span class='ocrx_word' id='word_1_1' title='bbox 603 187 660 242; x_wconf 65' lang='grc'><strong>’-’</strong></span> <span class='ocrx_word' id='word_1_2' title='bbox 705 199 745 260; x_wconf 82' lang='grc'><strong>56</strong></span> <span class='ocrx_word' id='word_1_3' title='bbox 791 235 830 246; x_wconf 91' lang='grc'>-</span> 
     </span>
    </p>
   </div>
   <div class='ocr_carea' id='block_1_2' title="bbox 159 359 1317 670">
    <p class='ocr_par' dir='ltr' id='par_1_2' title="bbox 159 359 1317 670">
     <span class='ocr_line' id='line_1_2' title="bbox 159 359 1316 450; baseline 0.006 -26"><span class='ocrx_word' id='word_1_4' title='bbox 159 359 291 434; x_wconf 81' lang='lat' dir='ltr'><strong>Etenim</strong></span> <span class='ocrx_word' id='word_1_5' title='bbox 325 361 501 428; x_wconf 84' lang='lat' dir='ltr'>Hermiona</span> <span class='ocrx_word' id='word_1_6' title='bbox 537 365 794 430; x_wconf 79' lang='lat' dir='ltr'><strong>Andromacham</strong></span> <span class='ocrx_word' id='word_1_7' title='bbox 836 365 980 446; x_wconf 51' lang='lat' dir='ltr'><strong>eiusque¹</strong></span> <span class='ocrx_word' id='word_1_8' title='bbox 1005 386 1138 449; x_wconf 90' lang='lat' dir='ltr'><strong>puerum</strong></span> <span class='ocrx_word' id='word_1_9' title='bbox 1178 368 1316 450; x_wconf 83' lang='lat' dir='ltr'>perdere</span> 
     </span>
     <span class='ocr_line' id='line_1_3' title="bbox 160 471 1316 557; baseline 0.003 -20"><span class='ocrx_word' id='word_1_10' title='bbox 160 471 312 553; x_wconf 85' lang='lat' dir='ltr'><strong>voluit,</strong></span> <span class='ocrx_word' id='word_1_11' title='bbox 329 473 386 536; x_wconf 89' lang='lat' dir='ltr'><strong>sed</strong></span> <span class='ocrx_word' id='word_1_12' title='bbox 401 471 569 552; x_wconf 87' lang='lat' dir='ltr'><strong>quominus</strong></span> <span class='ocrx_word' id='word_1_13' title='bbox 581 473 614 538; x_wconf 92' lang='lat' dir='ltr'><strong>id</strong></span> <span class='ocrx_word' id='word_1_14' title='bbox 630 473 804 540; x_wconf 90' lang='lat' dir='ltr'><strong>conficeret</strong></span> <span class='ocrx_word' id='word_1_15' title='bbox 814 475 857 539; x_wconf 89' lang='lat' dir='ltr'><strong>ad</strong></span> <span class='ocrx_word' id='word_1_16' title='bbox 869 474 967 540; x_wconf 88' lang='lat' dir='ltr'><strong>Peleo</strong></span> <span class='ocrx_word' id='word_1_17' title='bbox 979 474 1135 557; x_wconf 88' lang='lat' dir='ltr'><strong>impedita</strong></span> <span class='ocrx_word' id='word_1_18' title='bbox 1148 480 1206 542; x_wconf 91' lang='lat' dir='ltr'><strong>est.</strong></span> <span class='ocrx_word' id='word_1_19' title='bbox 1221 474 1316 540; x_wconf 87' lang='lat' dir='ltr'><strong>Eius-</strong></span> 
     </span>
     <span class='ocr_line' id='line_1_4' title="bbox 162 579 1317 670; baseline 0.004 -27"><span class='ocrx_word' id='word_1_20' title='bbox 162 579 233 646; x_wconf 89' lang='lat' dir='ltr'><strong>dem</strong></span> <span class='ocrx_word' id='word_1_21' title='bbox 249 579 379 662; x_wconf 87' lang='lat' dir='ltr'><strong>generis</strong></span> <span class='ocrx_word' id='word_1_22' title='bbox 398 584 475 645; x_wconf 92' lang='lat' dir='ltr'><strong>sunt</strong></span> <span class='ocrx_word' id='word_1_23' title='bbox 489 581 636 670; x_wconf 83' lang='lat' dir='ltr'><strong>nonnulli</strong></span> <span class='ocrx_word' id='word_1_24' title='bbox 656 581 720 646; x_wconf 91' lang='lat' dir='ltr'><strong>loci</strong></span> <span class='ocrx_word' id='word_1_25' title='bbox 737 583 822 663; x_wconf 92' lang='lat' dir='ltr'><strong>apud</strong></span> <span class='ocrx_word' id='word_1_26' title='bbox 833 583 1008 649; x_wconf 85' lang='lat' dir='ltr'><strong>Homerum</strong></span> <span class='ocrx_word' id='word_1_27' title='bbox 1020 583 1079 649; x_wconf 86' lang='lat' dir='ltr'><strong>Od.</strong></span> <span class='ocrx_word' id='word_1_28' title='bbox 1098 589 1147 667; x_wconf 84' lang='grc'><strong>16,</strong></span> <span class='ocrx_word' id='word_1_29' title='bbox 1168 589 1228 650; x_wconf 87' lang='grc'><strong>421</strong></span> <span class='ocrx_word' id='word_1_30' title='bbox 1246 601 1317 664; x_wconf 85' lang='lat' dir='ltr'><strong>sqq.</strong></span> 
     </span>
    </p>
   </div>
   <div class='ocr_carea' id='block_1_3' title="bbox 160 677 1330 4340">
    <p class='ocr_par' dir='ltr' id='par_1_3' title="bbox 160 677 1323 1422">
     <span class='ocr_line' id='line_1_5' title="bbox 234 677 1262 777; baseline 0.005 -26"><span class='ocrx_word' id='word_1_31' title='bbox 234 691 307 752; x_wconf 92' lang='grc'><strong>421.</strong></span> <span class='ocrx_word' id='word_1_32' title='bbox 330 682 440 773; x_wconf 82' lang='grc' dir='ltr'><strong>μάργε,</strong></span> <span class='ocrx_word' id='word_1_33' title='bbox 463 689 494 754; x_wconf 85' lang='grc' dir='ltr'><strong>τί</strong></span> <span class='ocrx_word' id='word_1_34' title='bbox 515 677 534 775; x_wconf 81' lang='grc' dir='ltr'><strong><em>ἧ</em></strong></span> <span class='ocrx_word' id='word_1_35' title='bbox 557 689 592 755; x_wconf 81' lang='grc' dir='ltr'><strong>δὲ</strong></span> <span class='ocrx_word' id='word_1_36' title='bbox 613 686 652 755; x_wconf 82' lang='grc' dir='ltr'><strong>σὺ</strong></span> <span class='ocrx_word' id='word_1_37' title='bbox 679 683 849 776; x_wconf 71' lang='grc' dir='ltr'><em>Ίψλεμάχῳ</em></span> <span class='ocrx_word' id='word_1_38' title='bbox 870 681 1021 756; x_wconf 74' lang='grc' dir='ltr'><em>θάνατόν</em></span> <span class='ocrx_word' id='word_1_39' title='bbox 1042 715 1077 756; x_wconf 82' lang='grc' dir='ltr'><strong>τε</strong></span> <span class='ocrx_word' id='word_1_40' title='bbox 1099 685 1205 777; x_wconf 84' lang='grc' dir='ltr'><em>μόρον</em></span> <span class='ocrx_word' id='word_1_41' title='bbox 1226 715 1262 757; x_wconf 81' lang='grc' dir='ltr'><strong>τε</strong></span> 
     </span>
     <span class='ocr_line' id='line_1_6' title="bbox 233 789 479 884; baseline 0 -24"><span class='ocrx_word' id='word_1_42' title='bbox 233 797 307 862; x_wconf 82' lang='grc'><strong>422.</strong></span> <span class='ocrx_word' id='word_1_43' title='bbox 331 789 479 884; x_wconf 82' lang='grc' dir='ltr'><em>ῥάπτεις’;</em></span> 
     </span>
     <span class='ocr_line' id='line_1_7' title="bbox 160 901 658 990; baseline 0.012 -24"><span class='ocrx_word' id='word_1_44' title='bbox 160 901 212 982; x_wconf 77' lang='lat' dir='ltr'><strong>pf.</strong></span> <span class='ocrx_word' id='word_1_45' title='bbox 238 905 399 990; x_wconf 84' lang='grc'><strong>16,411);</strong></span> <span class='ocrx_word' id='word_1_46' title='bbox 424 904 483 971; x_wconf 87' lang='lat' dir='ltr'><strong>ou.</strong></span> <span class='ocrx_word' id='word_1_47' title='bbox 509 910 559 988; x_wconf 85' lang='lat' dir='ltr'><strong>rc,</strong></span> <span class='ocrx_word' id='word_1_48' title='bbox 582 910 658 972; x_wconf 82' lang='lat' dir='ltr'><strong>aro:</strong></span> 
     </span>
     <span class='ocr_line' id='line_1_8' title="bbox 285 1003 1197 1100; baseline 0.001 -24"><span class='ocrx_word' id='word_1_49' title='bbox 285 1003 406 1078; x_wconf 78' lang='grc' dir='ltr'><em>οὕνεκά</em></span> <span class='ocrx_word' id='word_1_50' title='bbox 428 1036 459 1077; x_wconf 92' lang='grc' dir='ltr'><strong>οι</strong></span> <span class='ocrx_word' id='word_1_51' title='bbox 482 1008 592 1095; x_wconf 82' lang='grc' dir='ltr'><em>φόνον·</em></span> <span class='ocrx_word' id='word_1_52' title='bbox 612 1009 712 1078; x_wconf 82' lang='grc' dir='ltr'><em>αἰπὺν</em></span> <span class='ocrx_word' id='word_1_53' title='bbox 733 1005 916 1098; x_wconf 78' lang='grc' dir='ltr'><strong><em>ἐράπτομεν</em></strong></span> <span class='ocrx_word' id='word_1_54' title='bbox 936 1007 1033 1078; x_wconf 79' lang='grc' dir='ltr'><em>ου’δὲ</em></span> <span class='ocrx_word' id='word_1_55' title='bbox 1055 1013 1197 1100; x_wconf 83' lang='grc' dir='ltr'><em>κίχημι</em></span> 
     </span>
     <span class='ocr_line' id='line_1_9' title="bbox 160 1119 1322 1204; baseline 0 -20"><span class='ocrx_word' id='word_1_56' title='bbox 160 1119 199 1188; x_wconf 86' lang='lat' dir='ltr'><strong>ll.</strong></span> <span class='ocrx_word' id='word_1_57' title='bbox 224 1123 274 1185; x_wconf 84' lang='lat' dir='ltr'><strong>la.</strong></span> <span class='ocrx_word' id='word_1_58' title='bbox 297 1125 374 1202; x_wconf 82' lang='grc'><strong>367;</strong></span> <span class='ocrx_word' id='word_1_59' title='bbox 409 1121 495 1202; x_wconf 90' lang='lat' dir='ltr'><strong>apud</strong></span> <span class='ocrx_word' id='word_1_60' title='bbox 525 1121 726 1188; x_wconf 82' lang='lat' dir='ltr'><strong>Herodotum</strong></span> <span class='ocrx_word' id='word_1_61' title='bbox 748 1121 903 1202; x_wconf 89' lang='lat' dir='ltr'><strong>scriptum</strong></span> <span class='ocrx_word' id='word_1_62' title='bbox 926 1124 993 1204; x_wconf 90' lang='lat' dir='ltr'><strong>est,</strong></span> <span class='ocrx_word' id='word_1_63' title='bbox 1019 1125 1057 1187; x_wconf 92' lang='lat' dir='ltr'><strong>ut</strong></span> <span class='ocrx_word' id='word_1_64' title='bbox 1085 1121 1119 1188; x_wconf 92' lang='lat' dir='ltr'><strong>iu</strong></span> <span class='ocrx_word' id='word_1_65' title='bbox 1148 1119 1322 1202; x_wconf 81' lang='lat' dir='ltr'><strong>prouerbio</strong></span> 
     </span>
     <span class='ocr_line' id='line_1_10' title="bbox 161 1220 1323 1316; baseline 0.003 -25"><span class='ocrx_word' id='word_1_66' title='bbox 161 1226 269 1293; x_wconf 86' lang='lat' dir='ltr'><strong>dicere</strong></span> <span class='ocrx_word' id='word_1_67' title='bbox 284 1228 443 1312; x_wconf 83' lang='lat' dir='ltr'><strong>solebant,</strong></span> <span class='ocrx_word' id='word_1_68' title='bbox 455 1231 658 1316; x_wconf 59' lang='grc'><strong>(6211161116</strong></span> <span class='ocrx_word' id='word_1_69' title='bbox 666 1227 705 1295; x_wconf 84' lang='grc' dir='ltr'><strong>τὸ</strong></span> <span class='ocrx_word' id='word_1_70' title='bbox 720 1222 874 1316; x_wconf 77' lang='grc' dir='ltr'><em>ὑπόδημα</em></span> <span class='ocrx_word' id='word_1_71' title='bbox 892 1227 1035 1314; x_wconf 75' lang='grc' dir='ltr'><em>ἕρῥαψας</em></span> <span class='ocrx_word' id='word_1_72' title='bbox 1052 1224 1111 1314; x_wconf 80' lang='grc' dir='ltr'><strong>μὲν</strong></span> <span class='ocrx_word' id='word_1_73' title='bbox 1132 1225 1181 1312; x_wconf 82' lang='grc' dir='ltr'><strong>σὺ,</strong></span> <span class='ocrx_word' id='word_1_74' title='bbox 1202 1220 1323 1316; x_wconf 80' lang='grc' dir='ltr'><em>ὑπεδή-</em></span> 
     </span>
     <span class='ocr_line' id='line_1_11' title="bbox 163 1329 1254 1422; baseline 0.002 -22"><span class='ocrx_word' id='word_1_75' title='bbox 163 1352 243 1400; x_wconf 83' lang='grc' dir='ltr'><em>σατο</em></span> <span class='ocrx_word' id='word_1_76' title='bbox 265 1336 301 1400; x_wconf 80' lang='grc' dir='ltr'><strong>δὲ</strong></span> <span class='ocrx_word' id='word_1_77' title='bbox 321 1329 556 1422; x_wconf 77' lang='grc' dir='ltr'><strong><em>Ἀρισταγόρας,</em></strong></span> <span class='ocrx_word' id='word_1_78' title='bbox 577 1339 596 1406; x_wconf 91' lang='lat' dir='ltr'><strong>i.</strong></span> <span class='ocrx_word' id='word_1_79' title='bbox 618 1357 645 1404; x_wconf 91' lang='grc'><strong>6.</strong></span> <span class='ocrx_word' id='word_1_80' title='bbox 669 1343 706 1404; x_wconf 88' lang='grc'><strong>111</strong></span> <span class='ocrx_word' id='word_1_81' title='bbox 729 1356 764 1402; x_wconf 88' lang='grc'><strong>66</strong></span> <span class='ocrx_word' id='word_1_82' title='bbox 786 1338 999 1419; x_wconf 85' lang='lat' dir='ltr'><strong>machinatus,</strong></span> <span class='ocrx_word' id='word_1_83' title='bbox 1022 1338 1077 1402; x_wconf 86' lang='lat' dir='ltr'><strong>Ar.</strong></span> <span class='ocrx_word' id='word_1_84' title='bbox 1106 1336 1254 1420; x_wconf 86' lang='lat' dir='ltr'><strong>perfecit.</strong></span> 
     </span>
    </p>

    <p class='ocr_par' dir='ltr' id='par_1_4' title="bbox 163 1437 1326 2934">
     <span class='ocr_line' id='line_1_12' title="bbox 264 1437 1321 1526; baseline 0.002 -18"><span class='ocrx_word' id='word_1_85' title='bbox 264 1443 326 1508; x_wconf 88' lang='lat' dir='ltr'><strong>His</strong></span> <span class='ocrx_word' id='word_1_86' title='bbox 348 1445 493 1510; x_wconf 89' lang='lat' dir='ltr'><strong>omnibus</strong></span> <span class='ocrx_word' id='word_1_87' title='bbox 512 1445 593 1511; x_wconf 92' lang='lat' dir='ltr'><strong>locis</strong></span> <span class='ocrx_word' id='word_1_88' title='bbox 613 1437 771 1526; x_wconf 79' lang='lat' dir='ltr'><strong>personae</strong></span> <span class='ocrx_word' id='word_1_89' title='bbox 791 1446 904 1512; x_wconf 83' lang='lat' dir='ltr'><strong>iisdem</strong></span> <span class='ocrx_word' id='word_1_90' title='bbox 927 1445 1102 1525; x_wconf 88' lang='lat' dir='ltr'><strong>loquuntur</strong></span> <span class='ocrx_word' id='word_1_91' title='bbox 1123 1444 1321 1511; x_wconf 88' lang='lat' dir='ltr'><strong>condicioni·</strong></span> 
     </span>
     <span class='ocr_line' id='line_1_13' title="bbox 163 1550 1323 1636; baseline 0.003 -22"><span class='ocrx_word' id='word_1_92' title='bbox 163 1550 224 1614; x_wconf 90' lang='lat' dir='ltr'><strong>bus</strong></span> <span class='ocrx_word' id='word_1_93' title='bbox 245 1551 541 1630; x_wconf 85' lang='lat' dir='ltr'><strong>atqueHermiona.</strong></span> <span class='ocrx_word' id='word_1_94' title='bbox 576 1553 681 1636; x_wconf 78' lang='lat' dir='ltr'><strong>Quam</strong></span> <span class='ocrx_word' id='word_1_95' title='bbox 701 1555 828 1620; x_wconf 87' lang='lat' dir='ltr'><strong>obrem</strong></span> <span class='ocrx_word' id='word_1_96' title='bbox 850 1557 940 1618; x_wconf 86' lang='lat' dir='ltr'><strong>recte</strong></span> <span class='ocrx_word' id='word_1_97' title='bbox 953 1551 1116 1635; x_wconf 87' lang='lat' dir='ltr'><strong>Bergkius</strong></span> <span class='ocrx_word' id='word_1_98' title='bbox 1135 1551 1323 1618; x_wconf 87' lang='lat' dir='ltr'><strong>etKuicala</strong></span> 
     </span>
     <span class='ocr_line' id='line_1_14' title="bbox 164 1657 1323 1744; baseline 0.003 -23"><span class='ocrx_word' id='word_1_99' title='bbox 164 1661 199 1722; x_wconf 92' lang='lat' dir='ltr'><strong>et</strong></span> <span class='ocrx_word' id='word_1_100' title='bbox 220 1658 260 1722; x_wconf 90' lang='lat' dir='ltr'><strong>ob</strong></span> <span class='ocrx_word' id='word_1_101' title='bbox 278 1657 416 1740; x_wconf 79' lang='lat' dir='ltr'><strong>logicam</strong></span> <span class='ocrx_word' id='word_1_102' title='bbox 439 1665 474 1724; x_wconf 87' lang='lat' dir='ltr'><strong>et</strong></span> <span class='ocrx_word' id='word_1_103' title='bbox 485 1661 524 1725; x_wconf 90' lang='lat' dir='ltr'><strong>ob</strong></span> <span class='ocrx_word' id='word_1_104' title='bbox 546 1660 792 1742; x_wconf 88' lang='lat' dir='ltr'><strong>grammaticam</strong></span> <span class='ocrx_word' id='word_1_105' title='bbox 810 1679 941 1726; x_wconf 89' lang='lat' dir='ltr'><strong>causam</strong></span> <span class='ocrx_word' id='word_1_106' title='bbox 957 1659 1043 1744; x_wconf 84' lang='lat' dir='ltr'><strong>(quia</strong></span> <span class='ocrx_word' id='word_1_107' title='bbox 1055 1660 1141 1725; x_wconf 88' lang='lat' dir='ltr'><strong>actio</strong></span> <span class='ocrx_word' id='word_1_108' title='bbox 1154 1658 1323 1740; x_wconf 88' lang='lat' dir='ltr'><strong>participii</strong></span> 
     </span>
     <span class='ocr_line' id='line_1_15' title="bbox 163 1759 1323 1854; baseline 0 -24"><span class='ocrx_word' id='word_1_109' title='bbox 163 1759 325 1847; x_wconf 75' lang='grc' dir='ltr'><em>φονεύσας</em></span> <span class='ocrx_word' id='word_1_110' title='bbox 347 1771 492 1849; x_wconf 88' lang='lat' dir='ltr'><strong>tempore</strong></span> <span class='ocrx_word' id='word_1_111' title='bbox 513 1768 600 1849; x_wconf 87' lang='lat' dir='ltr'><strong>prior</strong></span> <span class='ocrx_word' id='word_1_112' title='bbox 622 1768 665 1834; x_wconf 90' lang='lat' dir='ltr'><strong>sit</strong></span> <span class='ocrx_word' id='word_1_113' title='bbox 681 1787 776 1849; x_wconf 87' lang='lat' dir='ltr'><strong>quam</strong></span> <span class='ocrx_word' id='word_1_114' title='bbox 792 1769 884 1835; x_wconf 86' lang='lat' dir='ltr'><strong>verbi</strong></span> <span class='ocrx_word' id='word_1_115' title='bbox 906 1763 1010 1853; x_wconf 82' lang='grc' dir='ltr'><em>ῥάψαι</em></span> <span class='ocrx_word' id='word_1_116' title='bbox 1030 1762 1149 1854; x_wconf 81' lang='grc' dir='ltr'><strong>μόρον)</strong></span> <span class='ocrx_word' id='word_1_117' title='bbox 1170 1767 1323 1850; x_wconf 89' lang='lat' dir='ltr'><strong>conjunc-</strong></span> 
     </span>
     <span class='ocr_line' id='line_1_16' title="bbox 163 1869 1324 1962; baseline 0.002 -25"><span class='ocrx_word' id='word_1_118' title='bbox 163 1873 286 1938; x_wconf 90' lang='lat' dir='ltr'><strong>tionem</strong></span> <span class='ocrx_word' id='word_1_119' title='bbox 316 1871 492 1957; x_wconf 78' lang='grc' dir='ltr'><em>φονεύσας</em></span> <span class='ocrx_word' id='word_1_120' title='bbox 520 1869 622 1962; x_wconf 88' lang='grc' dir='ltr'><em>ῥάψαι</em></span> <span class='ocrx_word' id='word_1_121' title='bbox 651 1902 680 1960; x_wconf 82' lang='grc' dir='ltr'><strong>μ.</strong></span> <span class='ocrx_word' id='word_1_122' title='bbox 711 1876 851 1942; x_wconf 89' lang='lat' dir='ltr'><strong>reiciunt</strong></span> <span class='ocrx_word' id='word_1_123' title='bbox 878 1875 1071 1956; x_wconf 79' lang='lat' dir='ltr'><strong>facilemque</strong></span> <span class='ocrx_word' id='word_1_124' title='bbox 1092 1876 1148 1942; x_wconf 87' lang='lat' dir='ltr'><strong>ille</strong></span> <span class='ocrx_word' id='word_1_125' title='bbox 1169 1874 1324 1956; x_wconf 79' lang='lat' dir='ltr'><strong>proponit</strong></span> 
     </span>
     <span class='ocr_line' id='line_1_17' title="bbox 166 1977 1325 2070; baseline 0.001 -23"><span class='ocrx_word' id='word_1_126' title='bbox 166 1983 424 2050; x_wconf 84' lang='lat' dir='ltr'><strong>emendationem</strong></span> <span class='ocrx_word' id='word_1_127' title='bbox 445 1987 618 2067; x_wconf 81' lang='grc' dir='ltr'><em>φονεῦσαι</em></span> <span class='ocrx_word' id='word_1_128' title='bbox 641 1980 668 2050; x_wconf 83' lang='lat' dir='ltr'><strong>c&#39;</strong></span> <span class='ocrx_word' id='word_1_129' title='bbox 691 2037 697 2050; x_wconf 94' lang='lat'><strong>.</strong></span> <span class='ocrx_word' id='word_1_130' title='bbox 721 2038 727 2051; x_wconf 92' lang='lat'><em>.</em></span> <span class='ocrx_word' id='word_1_131' title='bbox 750 1977 870 2070; x_wconf 85' lang='grc' dir='ltr'><em>ῥάψας</em></span> <span class='ocrx_word' id='word_1_132' title='bbox 891 2009 921 2070; x_wconf 84' lang='grc' dir='ltr'><strong>μ.</strong></span> <span class='ocrx_word' id='word_1_133' title='bbox 955 1984 1051 2050; x_wconf 89' lang='lat' dir='ltr'><strong>Hanc</strong></span> <span class='ocrx_word' id='word_1_134' title='bbox 1079 1984 1220 2050; x_wconf 86' lang='lat' dir='ltr'><strong>Kvicala</strong></span> <span class='ocrx_word' id='word_1_135' title='bbox 1250 2001 1325 2048; x_wconf 92' lang='lat' dir='ltr'><strong>oum</strong></span> 
     </span>
     <span class='ocr_line' id='line_1_18' title="bbox 164 2089 1322 2178; baseline 0.003 -23"><span class='ocrx_word' id='word_1_136' title='bbox 164 2089 243 2157; x_wconf 84' lang='lat' dir='ltr'><strong>ferri</strong></span> <span class='ocrx_word' id='word_1_137' title='bbox 264 2110 359 2173; x_wconf 85' lang='lat' dir='ltr'><strong>posse</strong></span> <span class='ocrx_word' id='word_1_138' title='bbox 374 2111 438 2158; x_wconf 92' lang='lat' dir='ltr'><strong>non</strong></span> <span class='ocrx_word' id='word_1_139' title='bbox 456 2096 567 2178; x_wconf 86' lang='lat' dir='ltr'><strong>negat,</strong></span> <span class='ocrx_word' id='word_1_140' title='bbox 589 2093 726 2175; x_wconf 91' lang='lat' dir='ltr'><strong>primum</strong></span> <span class='ocrx_word' id='word_1_141' title='bbox 736 2093 817 2159; x_wconf 92' lang='lat' dir='ltr'><strong>illud</strong></span> <span class='ocrx_word' id='word_1_142' title='bbox 827 2098 861 2159; x_wconf 87' lang='lat' dir='ltr'><strong>et</strong></span> <span class='ocrx_word' id='word_1_143' title='bbox 875 2111 945 2158; x_wconf 93' lang='lat' dir='ltr'><strong>meo</strong></span> <span class='ocrx_word' id='word_1_144' title='bbox 964 2092 1081 2158; x_wconf 91' lang='lat' dir='ltr'><strong>iudicio</strong></span> <span class='ocrx_word' id='word_1_145' title='bbox 1092 2091 1322 2176; x_wconf 83' lang='lat' dir='ltr'><strong>grauissimum</strong></span> 
     </span>
     <span class='ocr_line' id='line_1_19' title="bbox 165 2200 1325 2284; baseline 0 -18"><span class='ocrx_word' id='word_1_146' title='bbox 165 2204 392 2282; x_wconf 88' lang='lat' dir='ltr'><strong>argumentum</strong></span> <span class='ocrx_word' id='word_1_147' title='bbox 413 2219 518 2284; x_wconf 90' lang='lat' dir='ltr'><strong>suum,</strong></span> <span class='ocrx_word' id='word_1_148' title='bbox 549 2201 633 2282; x_wconf 87' lang='lat' dir='ltr'><strong>quod</strong></span> <span class='ocrx_word' id='word_1_149' title='bbox 655 2201 800 2283; x_wconf 74' lang='lat' dir='ltr'><strong>pertinet</strong></span> <span class='ocrx_word' id='word_1_150' title='bbox 821 2201 864 2274; x_wconf 90' lang='lat' dir='ltr'><strong>ad</strong></span> <span class='ocrx_word' id='word_1_151' title='bbox 885 2200 1113 2283; x_wconf 75' lang='lat' dir='ltr'><strong>tautologiam,</strong></span> <span class='ocrx_word' id='word_1_152' title='bbox 1142 2200 1212 2283; x_wconf 89' lang='lat' dir='ltr'><strong>ipse</strong></span> <span class='ocrx_word' id='word_1_153' title='bbox 1234 2200 1325 2266; x_wconf 86' lang='lat' dir='ltr'><strong>labe-</strong></span> 
     </span>
     <span class='ocr_line' id='line_1_20' title="bbox 166 2308 1325 2391; baseline -0.001 -17"><span class='ocrx_word' id='word_1_154' title='bbox 166 2310 283 2375; x_wconf 87' lang='lat' dir='ltr'><strong>factat.</strong></span> <span class='ocrx_word' id='word_1_155' title='bbox 330 2308 421 2391; x_wconf 77' lang='lat' dir='ltr'><strong>Quae</strong></span> <span class='ocrx_word' id='word_1_156' title='bbox 444 2327 516 2375; x_wconf 90' lang='lat' dir='ltr'><strong>cum</strong></span> <span class='ocrx_word' id='word_1_157' title='bbox 535 2309 584 2375; x_wconf 90' lang='lat' dir='ltr'><strong>ita</strong></span> <span class='ocrx_word' id='word_1_158' title='bbox 606 2309 681 2391; x_wconf 90' lang='lat' dir='ltr'><strong>sint,</strong></span> <span class='ocrx_word' id='word_1_159' title='bbox 704 2309 833 2374; x_wconf 90' lang='lat' dir='ltr'><strong>minime</strong></span> <span class='ocrx_word' id='word_1_160' title='bbox 857 2309 1070 2374; x_wconf 88' lang='lat' dir='ltr'><strong>dubitandum</strong></span> <span class='ocrx_word' id='word_1_161' title='bbox 1091 2326 1217 2389; x_wconf 87' lang='lat' dir='ltr'><strong>censeo,</strong></span> <span class='ocrx_word' id='word_1_162' title='bbox 1246 2308 1325 2388; x_wconf 91' lang='lat' dir='ltr'><strong>quin</strong></span> 
     </span>
     <span class='ocr_line' id='line_1_21' title="bbox 166 2416 1325 2484; baseline 0 -2"><span class='ocrx_word' id='word_1_163' title='bbox 166 2417 326 2483; x_wconf 88' lang='lat' dir='ltr'><strong>Kvicalae</strong></span> <span class='ocrx_word' id='word_1_164' title='bbox 353 2417 519 2482; x_wconf 83' lang='lat' dir='ltr'><strong>sententia</strong></span> <span class='ocrx_word' id='word_1_165' title='bbox 539 2417 704 2484; x_wconf 86' lang='lat' dir='ltr'><strong>reicienda</strong></span> <span class='ocrx_word' id='word_1_166' title='bbox 727 2417 778 2482; x_wconf 92' lang='lat' dir='ltr'><strong>sit.</strong></span> <span class='ocrx_word' id='word_1_167' title='bbox 832 2417 978 2484; x_wconf 86' lang='lat' dir='ltr'><strong>Lobccki</strong></span> <span class='ocrx_word' id='word_1_168' title='bbox 1003 2420 1114 2482; x_wconf 88' lang='lat' dir='ltr'><strong>autem</strong></span> <span class='ocrx_word' id='word_1_169' title='bbox 1136 2416 1325 2482; x_wconf 87' lang='lat' dir='ltr'><strong>coniectura</strong></span> 
     </span>
     <span class='ocr_line' id='line_1_22' title="bbox 167 2517 1324 2610; baseline 0 -22"><span class='ocrx_word' id='word_1_170' title='bbox 167 2518 461 2609; x_wconf 81' lang='grc' dir='ltr'><em>κάφεδρούσας</em></span> <span class='ocrx_word' id='word_1_171' title='bbox 482 2525 508 2610; x_wconf 91' lang='grc'><strong>(.</strong></span> <span class='ocrx_word' id='word_1_172' title='bbox 529 2517 680 2608; x_wconf 87' lang='grc' dir='ltr'><em>..ῥάψαι</em></span> <span class='ocrx_word' id='word_1_173' title='bbox 706 2517 820 2609; x_wconf 81' lang='grc' dir='ltr'><strong>μόρον)</strong></span> <span class='ocrx_word' id='word_1_174' title='bbox 848 2524 956 2590; x_wconf 89' lang='lat' dir='ltr'><strong>sensui</strong></span> <span class='ocrx_word' id='word_1_175' title='bbox 985 2522 1114 2604; x_wconf 80' lang='lat' dir='ltr'><strong>quddam</strong></span> <span class='ocrx_word' id='word_1_176' title='bbox 1136 2542 1201 2589; x_wconf 92' lang='lat' dir='ltr'><strong>non</strong></span> <span class='ocrx_word' id='word_1_177' title='bbox 1230 2541 1324 2604; x_wconf 87' lang='lat' dir='ltr'><strong>repu-</strong></span> 
     </span>
     <span class='ocr_line' id='line_1_23' title="bbox 167 2623 1324 2713; baseline -0.002 -17"><span class='ocrx_word' id='word_1_178' title='bbox 167 2635 259 2713; x_wconf 89' lang='lat' dir='ltr'><strong>gnat,</strong></span> <span class='ocrx_word' id='word_1_179' title='bbox 274 2631 331 2696; x_wconf 87' lang='lat' dir='ltr'><strong>sed</strong></span> <span class='ocrx_word' id='word_1_180' title='bbox 342 2629 474 2697; x_wconf 92' lang='lat' dir='ltr'><strong>nimium</strong></span> <span class='ocrx_word' id='word_1_181' title='bbox 489 2631 614 2697; x_wconf 82' lang='lat' dir='ltr'><strong>recedit</strong></span> <span class='ocrx_word' id='word_1_182' title='bbox 627 2631 968 2713; x_wconf 81' lang='lat' dir='ltr'><strong>alibrorumlectione3</strong></span> <span class='ocrx_word' id='word_1_183' title='bbox 985 2631 1146 2713; x_wconf 86' lang='lat' dir='ltr'><strong>scriptura</strong></span> <span class='ocrx_word' id='word_1_184' title='bbox 1160 2623 1324 2708; x_wconf 79' lang='grc' dir='ltr'><em>ῥολεάσας,</em></span> 
     </span>
     <span class='ocr_line' id='line_1_24' title="bbox 169 2739 1326 2822; baseline -0.001 -17"><span class='ocrx_word' id='word_1_185' title='bbox 169 2739 259 2805; x_wconf 85' lang='grc'><strong>6111116</strong></span> <span class='ocrx_word' id='word_1_186' title='bbox 280 2744 395 2805; x_wconf 88' lang='lat' dir='ltr'><strong>auctor</strong></span> <span class='ocrx_word' id='word_1_187' title='bbox 407 2757 470 2805; x_wconf 91' lang='lat' dir='ltr'><strong>non</strong></span> <span class='ocrx_word' id='word_1_188' title='bbox 483 2743 579 2806; x_wconf 89' lang='lat' dir='ltr'><strong>notus</strong></span> <span class='ocrx_word' id='word_1_189' title='bbox 595 2744 656 2822; x_wconf 90' lang='lat' dir='ltr'><strong>est,</strong></span> <span class='ocrx_word' id='word_1_190' title='bbox 679 2741 729 2806; x_wconf 88' lang='lat' dir='ltr'><strong>vis</strong></span> <span class='ocrx_word' id='word_1_191' title='bbox 748 2740 912 2806; x_wconf 87' lang='lat' dir='ltr'><strong>enuntiati</strong></span> <span class='ocrx_word' id='word_1_192' title='bbox 920 2739 1129 2821; x_wconf 88' lang='lat' dir='ltr'><strong>imminuitur,</strong></span> <span class='ocrx_word' id='word_1_193' title='bbox 1153 2757 1224 2804; x_wconf 91' lang='lat' dir='ltr'><strong>cum</strong></span> <span class='ocrx_word' id='word_1_194' title='bbox 1232 2739 1326 2804; x_wconf 89' lang='lat' dir='ltr'><strong>dolus</strong></span> 
     </span>
     <span class='ocr_line' id='line_1_25' title="bbox 169 2841 1049 2934; baseline 0.001 -21"><span class='ocrx_word' id='word_1_195' title='bbox 169 2848 233 2914; x_wconf 90' lang='lat' dir='ltr'><strong>iam</strong></span> <span class='ocrx_word' id='word_1_196' title='bbox 256 2848 289 2914; x_wconf 90' lang='lat' dir='ltr'><strong>in</strong></span> <span class='ocrx_word' id='word_1_197' title='bbox 310 2848 410 2914; x_wconf 88' lang='lat' dir='ltr'><strong>verbo</strong></span> <span class='ocrx_word' id='word_1_198' title='bbox 433 2841 537 2934; x_wconf 80' lang='grc' dir='ltr'><em>ῥάψαι</em></span> <span class='ocrx_word' id='word_1_199' title='bbox 557 2841 662 2934; x_wconf 85' lang='grc' dir='ltr'><em>μόρον</em></span> <span class='ocrx_word' id='word_1_200' title='bbox 681 2850 818 2929; x_wconf 87' lang='lat' dir='ltr'><strong>quodam</strong></span> <span class='ocrx_word' id='word_1_201' title='bbox 840 2849 932 2915; x_wconf 91' lang='lat' dir='ltr'><strong>modo</strong></span> <span class='ocrx_word' id='word_1_202' title='bbox 961 2847 1049 2914; x_wconf 91' lang='lat' dir='ltr'><strong>insit.</strong></span> 
     </span>
    </p>

    <p class='ocr_par' dir='ltr' id='par_1_5' title="bbox 169 2953 1330 4340">
     <span class='ocr_line' id='line_1_26' title="bbox 271 2953 1326 3039; baseline 0 -19"><span class='ocrx_word' id='word_1_203' title='bbox 271 2955 456 3022; x_wconf 87' lang='lat' dir='ltr'><strong>Proximum</strong></span> <span class='ocrx_word' id='word_1_204' title='bbox 486 2959 551 3037; x_wconf 90' lang='lat' dir='ltr'><strong>est,</strong></span> <span class='ocrx_word' id='word_1_205' title='bbox 591 2961 629 3021; x_wconf 93' lang='lat' dir='ltr'><strong>ut</strong></span> <span class='ocrx_word' id='word_1_206' title='bbox 658 2957 771 3038; x_wconf 90' lang='lat' dir='ltr'><strong>paucis</strong></span> <span class='ocrx_word' id='word_1_207' title='bbox 799 2955 998 3039; x_wconf 89' lang='lat' dir='ltr'><strong>disputetur,</strong></span> <span class='ocrx_word' id='word_1_208' title='bbox 1028 2953 1184 3035; x_wconf 91' lang='lat' dir='ltr'><strong>quomodo</strong></span> <span class='ocrx_word' id='word_1_209' title='bbox 1207 2971 1238 3019; x_wconf 85' lang='lat' dir='ltr'><strong>v.</strong></span> <span class='ocrx_word' id='word_1_210' title='bbox 1262 2958 1326 3020; x_wconf 85' lang='grc'><strong>679</strong></span> 
     </span>
     <span class='ocr_line' id='line_1_27' title="bbox 169 3062 1328 3143; baseline -0.003 -14"><span class='ocrx_word' id='word_1_211' title='bbox 169 3063 387 3129; x_wconf 84' lang='lat' dir='ltr'><strong>emendandus</strong></span> <span class='ocrx_word' id='word_1_212' title='bbox 415 3064 467 3129; x_wconf 91' lang='lat' dir='ltr'><strong>sit.</strong></span> <span class='ocrx_word' id='word_1_213' title='bbox 496 3064 600 3130; x_wconf 87' lang='lat' dir='ltr'><strong>Recte</strong></span> <span class='ocrx_word' id='word_1_214' title='bbox 629 3063 794 3132; x_wconf 74' lang='lat' dir='ltr'><strong>Seidlerus</strong></span> <span class='ocrx_word' id='word_1_215' title='bbox 816 3067 850 3130; x_wconf 92' lang='lat' dir='ltr'><strong>ct</strong></span> <span class='ocrx_word' id='word_1_216' title='bbox 872 3063 910 3130; x_wconf 79' lang='lat' dir='ltr'><strong>G.</strong></span> <span class='ocrx_word' id='word_1_217' title='bbox 924 3063 1130 3129; x_wconf 87' lang='lat' dir='ltr'><strong>Hermannus</strong></span> <span class='ocrx_word' id='word_1_218' title='bbox 1155 3062 1328 3143; x_wconf 87' lang='lat' dir='ltr'><strong>adnotant,</strong></span> 
     </span>
     <span class='ocr_line' id='line_1_28' title="bbox 169 3163 1328 3256; baseline -0.004 -18"><span class='ocrx_word' id='word_1_219' title='bbox 169 3172 344 3238; x_wconf 88' lang='lat' dir='ltr'><strong>membrum</strong></span> <span class='ocrx_word' id='word_1_220' title='bbox 369 3165 515 3255; x_wconf 78' lang='grc' dir='ltr'><strong>προδούς</strong></span> <span class='ocrx_word' id='word_1_221' title='bbox 544 3189 578 3237; x_wconf 86' lang='grc' dir='ltr'><strong>σε</strong></span> <span class='ocrx_word' id='word_1_222' title='bbox 601 3169 764 3256; x_wconf 76' lang='grc' dir='ltr'><em>σώζεσθαι</em></span> <span class='ocrx_word' id='word_1_223' title='bbox 785 3191 857 3238; x_wconf 87' lang='grc'><strong>6666</strong></span> <span class='ocrx_word' id='word_1_224' title='bbox 887 3171 1067 3253; x_wconf 91' lang='lat' dir='ltr'><strong>oppositum</strong></span> <span class='ocrx_word' id='word_1_225' title='bbox 1089 3169 1187 3236; x_wconf 91' lang='lat' dir='ltr'><strong>alteri</strong></span> <span class='ocrx_word' id='word_1_226' title='bbox 1210 3163 1328 3251; x_wconf 80' lang='grc' dir='ltr'><em>φονεύ-</em></span> 
     </span>
     <span class='ocr_line' id='line_1_29' title="bbox 171 3270 1328 3365; baseline -0.001 -20"><span class='ocrx_word' id='word_1_227' title='bbox 171 3297 228 3357; x_wconf 82' lang='grc' dir='ltr'><em>σας</em></span> <span class='ocrx_word' id='word_1_228' title='bbox 250 3333 256 3347; x_wconf 94' lang='grc'><strong>.</strong></span> <span class='ocrx_word' id='word_1_229' title='bbox 280 3331 286 3344; x_wconf 93' lang='grc'><strong>.</strong></span> <span class='ocrx_word' id='word_1_230' title='bbox 309 3271 386 3365; x_wconf 84' lang='grc' dir='ltr'><strong>ῥάψ.</strong></span> <span class='ocrx_word' id='word_1_231' title='bbox 409 3270 497 3364; x_wconf 84' lang='grc' dir='ltr'><strong><em>μόρ,</em></strong></span> <span class='ocrx_word' id='word_1_232' title='bbox 522 3279 554 3344; x_wconf 94' lang='lat' dir='ltr'><strong>id</strong></span> <span class='ocrx_word' id='word_1_233' title='bbox 570 3280 655 3360; x_wconf 90' lang='lat' dir='ltr'><strong>quod</strong></span> <span class='ocrx_word' id='word_1_234' title='bbox 669 3279 833 3346; x_wconf 88' lang='lat' dir='ltr'><strong>indicatur</strong></span> <span class='ocrx_word' id='word_1_235' title='bbox 848 3279 1019 3361; x_wconf 80' lang='lat' dir='ltr'><strong>particulis</strong></span> <span class='ocrx_word' id='word_1_236' title='bbox 1033 3272 1053 3364; x_wconf 83' lang='grc' dir='ltr'><em>ἢ</em></span> <span class='ocrx_word' id='word_1_237' title='bbox 1066 3279 1126 3344; x_wconf 84' lang='grc' dir='ltr'><em>καὶ.</em></span> <span class='ocrx_word' id='word_1_238' title='bbox 1151 3277 1215 3344; x_wconf 86' lang='lat' dir='ltr'><strong>Sed</strong></span> <span class='ocrx_word' id='word_1_239' title='bbox 1232 3277 1267 3344; x_wconf 91' lang='lat' dir='ltr'><strong>in</strong></span> <span class='ocrx_word' id='word_1_240' title='bbox 1289 3296 1328 3344; x_wconf 89' lang='lat' dir='ltr'><strong>eo</strong></span> 
     </span>
     <span class='ocr_line' id='line_1_30' title="bbox 170 3380 1329 3472; baseline -0.003 -18"><span class='ocrx_word' id='word_1_241' title='bbox 170 3389 338 3469; x_wconf 86' lang='lat' dir='ltr'><strong>errarunt,</strong></span> <span class='ocrx_word' id='word_1_242' title='bbox 359 3387 443 3466; x_wconf 86' lang='lat' dir='ltr'><strong>quod</strong></span> <span class='ocrx_word' id='word_1_243' title='bbox 460 3387 495 3453; x_wconf 89' lang='lat' dir='ltr'><strong>in</strong></span> <span class='ocrx_word' id='word_1_244' title='bbox 514 3387 599 3453; x_wconf 87' lang='lat' dir='ltr'><strong>crasi</strong></span> <span class='ocrx_word' id='word_1_245' title='bbox 616 3380 777 3472; x_wconf 70' lang='grc' dir='ltr'><em>σώζεσθαι</em></span> <span class='ocrx_word' id='word_1_246' title='bbox 792 3382 893 3466; x_wconf 78' lang='grc' dir='ltr'><em>αὐτὸς</em></span> <span class='ocrx_word' id='word_1_247' title='bbox 910 3406 973 3453; x_wconf 91' lang='lat' dir='ltr'><strong>non</strong></span> <span class='ocrx_word' id='word_1_248' title='bbox 989 3386 1203 3453; x_wconf 88' lang='lat' dir='ltr'><strong>offenderunt.</strong></span> <span class='ocrx_word' id='word_1_249' title='bbox 1232 3384 1329 3450; x_wconf 89' lang='lat' dir='ltr'><strong>Hanc</strong></span> 
     </span>
     <span class='ocr_line' id='line_1_31' title="bbox 171 3491 1329 3579; baseline -0.005 -15"><span class='ocrx_word' id='word_1_250' title='bbox 171 3516 191 3564; x_wconf 90' lang='lat' dir='ltr'><strong>a</strong></span> <span class='ocrx_word' id='word_1_251' title='bbox 218 3500 387 3578; x_wconf 90' lang='lat' dir='ltr'><strong>poetarum</strong></span> <span class='ocrx_word' id='word_1_252' title='bbox 417 3497 615 3579; x_wconf 84' lang='lat' dir='ltr'><strong>tragicorum</strong></span> <span class='ocrx_word' id='word_1_253' title='bbox 648 3514 707 3561; x_wconf 89' lang='lat' dir='ltr'><strong>usu</strong></span> <span class='ocrx_word' id='word_1_254' title='bbox 740 3515 812 3562; x_wconf 88' lang='lat' dir='ltr'><strong>esse</strong></span> <span class='ocrx_word' id='word_1_255' title='bbox 832 3497 990 3578; x_wconf 87' lang='lat' dir='ltr'><strong>alienam,</strong></span> <span class='ocrx_word' id='word_1_256' title='bbox 1010 3499 1142 3578; x_wconf 86' lang='lat' dir='ltr'><strong>praetor</strong></span> <span class='ocrx_word' id='word_1_257' title='bbox 1179 3493 1218 3559; x_wconf 81' lang='lat' dir='ltr'><strong>G.</strong></span> <span class='ocrx_word' id='word_1_258' title='bbox 1247 3491 1329 3558; x_wconf 92' lang='lat' dir='ltr'><strong>Din-</strong></span> 
     </span>
     <span class='ocr_line' id='line_1_32' title="bbox 171 3603 1330 3672; baseline -0.002 -2"><span class='ocrx_word' id='word_1_259' title='bbox 171 3606 305 3672; x_wconf 87' lang='lat' dir='ltr'><strong>dorfium</strong></span> <span class='ocrx_word' id='word_1_260' title='bbox 321 3623 430 3671; x_wconf 90' lang='lat' dir='ltr'><strong>omnes</strong></span> <span class='ocrx_word' id='word_1_261' title='bbox 449 3604 555 3671; x_wconf 87' lang='lat' dir='ltr'><strong>critici</strong></span> <span class='ocrx_word' id='word_1_262' title='bbox 569 3603 665 3671; x_wconf 91' lang='lat' dir='ltr'><strong>hodie</strong></span> <span class='ocrx_word' id='word_1_263' title='bbox 687 3605 903 3670; x_wconf 87' lang='lat' dir='ltr'><strong>consentiunt.</strong></span> <span class='ocrx_word' id='word_1_264' title='bbox 933 3605 1012 3670; x_wconf 84' lang='lat' dir='ltr'><strong>Cum</strong></span> <span class='ocrx_word' id='word_1_265' title='bbox 1033 3605 1118 3669; x_wconf 88' lang='lat' dir='ltr'><strong>hanc</strong></span> <span class='ocrx_word' id='word_1_266' title='bbox 1139 3604 1178 3668; x_wconf 91' lang='lat' dir='ltr'><strong>ob</strong></span> <span class='ocrx_word' id='word_1_267' title='bbox 1196 3619 1330 3668; x_wconf 87' lang='lat' dir='ltr'><strong>causam</strong></span> 
     </span>
     <span class='ocr_line' id='line_1_33' title="bbox 171 3712 1329 3795; baseline -0.004 -16"><span class='ocrx_word' id='word_1_268' title='bbox 171 3717 241 3779; x_wconf 90' lang='lat' dir='ltr'><strong>tum</strong></span> <span class='ocrx_word' id='word_1_269' title='bbox 264 3715 339 3794; x_wconf 89' lang='lat' dir='ltr'><strong>quia</strong></span> <span class='ocrx_word' id='word_1_270' title='bbox 369 3713 550 3782; x_wconf 87' lang='lat' dir='ltr'><strong>infinitivus</strong></span> <span class='ocrx_word' id='word_1_271' title='bbox 579 3713 763 3795; x_wconf 89' lang='lat' dir='ltr'><strong>praesentis</strong></span> <span class='ocrx_word' id='word_1_272' title='bbox 789 3716 900 3795; x_wconf 89' lang='lat' dir='ltr'><strong>aptam</strong></span> <span class='ocrx_word' id='word_1_273' title='bbox 928 3731 991 3778; x_wconf 93' lang='lat' dir='ltr'><strong>non</strong></span> <span class='ocrx_word' id='word_1_274' title='bbox 1025 3712 1162 3793; x_wconf 88' lang='lat' dir='ltr'><strong>praebet</strong></span> <span class='ocrx_word' id='word_1_275' title='bbox 1197 3713 1329 3775; x_wconf 89' lang='lat' dir='ltr'><strong>senteu-</strong></span> 
     </span>
     <span class='ocr_line' id='line_1_34' title="bbox 171 3818 1330 3904; baseline -0.003 -18"><span class='ocrx_word' id='word_1_276' title='bbox 171 3820 263 3904; x_wconf 87' lang='lat' dir='ltr'><strong>tiam,</strong></span> <span class='ocrx_word' id='word_1_277' title='bbox 287 3821 434 3889; x_wconf 87' lang='lat' dir='ltr'><strong>divcrsas</strong></span> <span class='ocrx_word' id='word_1_278' title='bbox 456 3822 519 3888; x_wconf 91' lang='lat' dir='ltr'><strong>loci</strong></span> <span class='ocrx_word' id='word_1_279' title='bbox 541 3821 678 3888; x_wconf 89' lang='lat' dir='ltr'><strong>sanandi</strong></span> <span class='ocrx_word' id='word_1_280' title='bbox 695 3820 839 3888; x_wconf 87' lang='lat' dir='ltr'><strong>rationes</strong></span> <span class='ocrx_word' id='word_1_281' title='bbox 854 3821 1007 3888; x_wconf 90' lang='lat' dir='ltr'><strong>inierunt.</strong></span> <span class='ocrx_word' id='word_1_282' title='bbox 1036 3819 1129 3886; x_wconf 87' lang='lat' dir='ltr'><strong>Haut</strong></span> <span class='ocrx_word' id='word_1_283' title='bbox 1149 3819 1198 3884; x_wconf 90' lang='lat' dir='ltr'><strong>ita</strong></span> <span class='ocrx_word' id='word_1_284' title='bbox 1213 3818 1330 3900; x_wconf 90' lang='lat' dir='ltr'><strong>proba·</strong></span> 
     </span>
     <span class='ocr_line' id='line_1_35' title="bbox 172 3927 1330 4016; baseline 0 -24"><span class='ocrx_word' id='word_1_285' title='bbox 172 3927 286 3993; x_wconf 89' lang='lat' dir='ltr'><strong>biliter</strong></span> <span class='ocrx_word' id='word_1_286' title='bbox 306 3928 445 3995; x_wconf 87' lang='lat' dir='ltr'><strong>coniecit</strong></span> <span class='ocrx_word' id='word_1_287' title='bbox 466 3929 707 3996; x_wconf 89' lang='lat' dir='ltr'><strong>Heimsocthius</strong></span> <span class='ocrx_word' id='word_1_288' title='bbox 730 3929 829 4016; x_wconf 87' lang='lat' dir='ltr'><strong>(Krit.</strong></span> <span class='ocrx_word' id='word_1_289' title='bbox 850 3927 941 3994; x_wconf 88' lang='lat' dir='ltr'><strong>Stud.</strong></span> <span class='ocrx_word' id='word_1_290' title='bbox 961 3948 991 4010; x_wconf 93' lang='lat' dir='ltr'><strong>p.</strong></span> <span class='ocrx_word' id='word_1_291' title='bbox 1014 3929 1088 4014; x_wconf 86' lang='grc'><strong>144)</strong></span> <span class='ocrx_word' id='word_1_292' title='bbox 1110 3937 1248 4008; x_wconf 79' lang='grc' dir='ltr'><em>νοστεῖν,</em></span> <span class='ocrx_word' id='word_1_293' title='bbox 1271 3945 1330 4007; x_wconf 93' lang='lat' dir='ltr'><strong>pro</strong></span> 
     </span>
     <span class='ocr_line' id='line_1_36' title="bbox 173 4031 1329 4124; baseline -0.001 -22"><span class='ocrx_word' id='word_1_294' title='bbox 173 4055 235 4117; x_wconf 90' lang='lat' dir='ltr'><strong>quo</strong></span> <span class='ocrx_word' id='word_1_295' title='bbox 264 4039 422 4105; x_wconf 86' lang='lat' dir='ltr'><strong>vocabulo</strong></span> <span class='ocrx_word' id='word_1_296' title='bbox 451 4039 613 4124; x_wconf 83' lang='lat' dir='ltr'><strong>glossema</strong></span> <span class='ocrx_word' id='word_1_297' title='bbox 643 4031 806 4123; x_wconf 74' lang='grc' dir='ltr'><em>σώζεσθαι</em></span> <span class='ocrx_word' id='word_1_298' title='bbox 831 4037 865 4104; x_wconf 92' lang='lat' dir='ltr'><strong>in</strong></span> <span class='ocrx_word' id='word_1_299' title='bbox 896 4036 1043 4120; x_wconf 88' lang='lat' dir='ltr'><strong>margine</strong></span> <span class='ocrx_word' id='word_1_300' title='bbox 1071 4034 1265 4118; x_wconf 86' lang='lat' dir='ltr'><strong>asscriptum</strong></span> <span class='ocrx_word' id='word_1_301' title='bbox 1294 4034 1329 4101; x_wconf 90' lang='lat' dir='ltr'><strong>in</strong></span> 
     </span>
     <span class='ocr_line' id='line_1_37' title="bbox 173 4139 1330 4232; baseline -0.008 -16"><span class='ocrx_word' id='word_1_302' title='bbox 173 4153 302 4216; x_wconf 88' lang='lat' dir='ltr'><strong>textum</strong></span> <span class='ocrx_word' id='word_1_303' title='bbox 331 4148 526 4232; x_wconf 85' lang='lat' dir='ltr'><strong>irrepsisset.</strong></span> <span class='ocrx_word' id='word_1_304' title='bbox 570 4148 680 4214; x_wconf 86' lang='lat' dir='ltr'><strong>Antea</strong></span> <span class='ocrx_word' id='word_1_305' title='bbox 710 4145 885 4213; x_wconf 86' lang='lat' dir='ltr'><strong>Elmslcius</strong></span> <span class='ocrx_word' id='word_1_306' title='bbox 915 4147 1143 4228; x_wconf 85' lang='lat' dir='ltr'><strong>proposuerat:</strong></span> <span class='ocrx_word' id='word_1_307' title='bbox 1182 4139 1330 4227; x_wconf 78' lang='grc' dir='ltr'><strong>προδοὺς</strong></span> 
     </span>
     <span class='ocr_line' id='line_1_38' title="bbox 175 4250 1330 4340; baseline -0.01 -13"><span class='ocrx_word' id='word_1_308' title='bbox 175 4259 390 4328; x_wconf 76' lang='grc' dir='ltr'><em>σεσῶσθαί</em></span> <span class='ocrx_word' id='word_1_309' title='bbox 412 4252 448 4336; x_wconf 84' lang='grc' dir='ltr'><em>α’,</em></span> <span class='ocrx_word' id='word_1_310' title='bbox 478 4257 561 4338; x_wconf 92' lang='lat' dir='ltr'><strong>quod</strong></span> <span class='ocrx_word' id='word_1_311' title='bbox 583 4255 769 4340; x_wconf 86' lang='lat' dir='ltr'><strong>Hartungio</strong></span> <span class='ocrx_word' id='word_1_312' title='bbox 792 4253 995 4322; x_wconf 81' lang='lat' dir='ltr'><strong>Kirchhoffio</strong></span> <span class='ocrx_word' id='word_1_313' title='bbox 1016 4252 1184 4336; x_wconf 86' lang='lat' dir='ltr'><strong>Koechlyo</strong></span> <span class='ocrx_word' id='word_1_314' title='bbox 1211 4250 1330 4317; x_wconf 90' lang='lat' dir='ltr'><strong>Weilio</strong></span> 
     </span>
    </p>
   </div>
   <div class='ocr_carea' id='block_1_4' title="bbox 0 0 1520 4900">
    <p class='ocr_par' dir='ltr' id='par_1_6' title="bbox 0 0 1520 4900">
     <span class='ocr_line' id='line_1_39' title="bbox 0 0 1520 4900; baseline 0 0"><span class='ocrx_word' id='word_1_315' title='bbox 0 0 1520 4900; x_wconf 95' lang='lat' dir='ltr'><strong> </strong></span> 
     </span>
    </p>
   </div>
  </div>
 </body>
</html>
