2994 4902
627 259 838 321 ..44-

155 431 274 493 exstat.
290 451 292 456 ·
309 428 455 508 Namque
475 431 625 497 nontam
648 429 741 511 quod,
765 434 802 494 ut
813 429 957 494 Usenero
973 429 1112 512 videtur,
1134 429 1310 513 Iphigenia

155 533 236 600 illud
257 553 372 600 nomen
395 555 436 602 ex
455 537 597 618 pastoris
618 537 806 604 narratione
822 541 1024 620 perceperat,
1045 556 1140 617 quarn
1163 537 1247 621 quia,
1270 542 1311 602 ut

156 641 379 708 Weckleinius
403 647 494 709 recte
516 644 648 728 monuit,
670 645 860 728 peregrinus
882 645 968 710 alter
982 645 1023 710 ab
1035 644 1141 710 altero
1161 645 1195 710 in
1211 645 1311 711 litore

157 750 295 816 Taurico
325 751 460 834 Pyladis
488 753 616 819 nomine
646 758 719 819 erat
748 753 933 836 appellatus
962 751 1018 841 (cf.
1039 771 1103 820 vss.
1127 758 1199 836 285,
1222 755 1310 840 321),

156 857 209 924 hic
229 851 342 925 ἐνθάδ’
363 857 595 947 ω’νομαομένος
613 861 739 928 dicitur.
770 861 832 945 (De
854 854 973 927 ἐνθάδε
996 861 1113 928 ctvss.
1129 867 1200 944 278,
1224 861 1311 949 389).

157 967 305 1050 Apparet
325 968 436 1052 igitur,
459 964 685 1037 verbae'vdoid'
707 965 939 1056 οόνομασμένος
962 1021 969 1035 .
992 1022 999 1036 .
1022 1020 1028 1035 .
1052 971 1205 1056 κέκληται
1223 969 1312 1036 haud

157 1075 268 1158 inepte
293 1074 467 1144 coniuncta
489 1079 656 1159 locumque
676 1079 724 1145 ita
744 1097 815 1144 esse
837 1079 1046 1146 vertendum:
1070 1084 1145 1144 uter
1165 1083 1313 1145 restrum

157 1185 342 1251 nominatur
361 1186 516 1269 Pylades,
539 1187 574 1253 in
598 1188 659 1253 hac
684 1190 774 1254 terra
798 1187 872 1274 (ta)
894 1186 1100 1270 appellatus?
1142 1185 1256 1266 Neque
1277 1186 1314 1251 in

157 1293 266 1360 verbis
287 1288 364 1360 τόδε
384 1301 502 1380 μαθεῖν
523 1297 661 1381 πρῶτον
684 1295 775 1361 θέλω
797 1295 1021 1362 offendendum
1043 1313 1114 1360 esse
1131 1298 1219 1376 puto.
1251 1293 1315 1358 Ve-

159 1421 229 1466 rum
264 1401 391 1482 quidem
418 1407 485 1486 est,
515 1404 717 1488 Iphigeniam
746 1408 845 1470 antea
875 1423 938 1470 non
967 1403 1185 1486 significasse,
1217 1419 1316 1481 quam

160 1515 295 1592 cuperet
317 1530 337 1576 a
359 1511 527 1578 iuvenibus
557 1513 596 1578 de
624 1512 840 1594 compluribus
859 1513 955 1578 rebus
977 1511 1101 1578 doceri:
1132 1515 1169 1577 at
1191 1511 1251 1576 hoo
1272 1527 1315 1575 ex

161 1618 241 1700 ipsis
259 1618 299 1684 iis
320 1620 435 1699 quibus
456 1639 543 1687 nuuc
564 1613 668 1686 utitur
682 1621 791 1688 verbis
805 1621 887 1687 satis
907 1624 1052 1703 apparet.
1087 1620 1182 1685 Talia
1203 1623 1317 1685 autem

162 1729 396 1811 additamenta,
418 1730 515 1810 quale
535 1734 587 1796 est
600 1723 676 1796 τόδε
693 1737 811 1814 μαθεῖν
831 1732 968 1814 πρῶτον
988 1729 1089 1810 θέλω,
1112 1746 1317 1810 quamquam,

163 1838 191 1903 si
213 1841 367 1904 accurate
388 1837 528 1922 indicae,
557 1856 800 1920 supervacanee
822 1842 907 1919 sunt,
929 1838 1118 1919 plerumque
1137 1835 1196 1900 sub
1218 1834 1318 1899 finem

163 1965 313 2014 versuum
335 1947 534 2013 alternorum
554 1947 684 2029 saepius
702 1947 787 2028 apud
799 1945 988 2028 Euripidem
1010 1945 1216 2026 reperiuntur
1229 1942 1265 2028 (J
1267 1961 1319 2012 on.

164 2060 236 2122 265.
267 2053 422 2140 ἐκμαθεῖν
444 2054 544 2120 θέλοο.
568 2094 611 2104 -
633 2055 752 2122 Phoeu.
775 2059 849 2120 410.
875 2059 975 2134 16803
1008 2057 1099 2118 1325.
1122 2051 1319 2136 135431ph.

165 2165 262 2229 Taur.
292 2169 370 2230 257:
393 2166 493 2230 τοῦτο
517 2155 577 2248 γάρ
597 2169 716 2249 μαθεῖν
735 2163 840 2250 θέλω)
870 2180 975 2242 neque
1004 2160 1085 2227 illud
1110 2178 1207 2227 versu
1233 2159 1321 2226 inse-

165 2275 285 2352 quente
305 2271 338 2338 in
355 2273 565 2354 suspicionem
580 2272 761 2354 adducitur,
787 2271 843 2337 sed
867 2271 973 2353 potius
986 2268 1187 2348 defenditur3
1209 2267 1321 2334 verbis

164 2379 249 2445 enim
278 2378 306 2445 εἲ
334 2403 367 2443 τι
390 2376 428 2464 δή
458 2401 509 2444 σοι
530 2376 620 2446 τοῦτ’
648 2377 683 2445 ἐν
704 2373 805 2466 ἡδονῇ
833 2384 951 2463 μαθεῖν
980 2377 1113 2442 Orestes
1139 2374 1322 2442 assentitur

165 2488 356 2571 Iphigeniae
391 2488 514 2554 dicenti
548 2483 624 2554 τόδε
661 2494 780 2582 μαθεῖν
820 2490 957 2572 πρῶτον
988 2486 1087 2553 esron.
1142 2484 1322 2549 Praeterea

166 2595 319 2678 permulti
346 2600 422 2663 sunt
451 2597 514 2662 loci
535 2596 713 2679 Euripidei,
743 2595 857 2676 quibus
886 2594 965 2660 duos
994 2592 1048 2660 vel
1075 2592 1185 2673 plures
1206 2609 1324 2656 versus

168 2709 333 2786 tamquam
355 2705 551 2787 prooemium
573 2705 766 2787 praemissos
777 2702 1009 2786 stiohomythia
1032 2701 1229 2782 singulorum
1248 2717 1323 2765 ver-

167 2831 258 2879 suum
280 2813 436 2894 sequitur.
468 2815 536 2895 Iph.
561 2814 635 2879 hui.
660 2818 722 2880 855
743 2831 789 2892 sq.
813 2811 924 2893 suppl.
946 2807 1010 2876 564
1026 2791 1072 2889 sq.
1095 2813 1156 2875 752
1179 2826 1224 2888 sq.
1247 2806 1324 2875 Jon.

170 2927 252 2989 1282
275 2940 320 3002 sq.
342 2921 462 2987 Bacch.
476 2925 600 3002 461sq.
623 2921 788 2988 Heraclid.
812 2926 933 2999 630sq.
960 2924 1021 2985 709
1035 2936 1072 2998 sq
1103 2916 1234 2981 Heraol.
1258 2916 1326 2998 fur.

172 3036 253 3098 1111
275 3050 320 3112 sq.
342 3030 414 3098 Hel.
436 3034 517 3096 1112
541 3050 587 3112 sq.
612 3071 652 3080 -
675 3029 773 3112 Hipp.
796 3033 975 3095 267-270.
1000 3026 1116 3112 Troad.
1142 3029 1324 3092 roe-711.

169 3140 243 3208 Jcn.
268 3145 501 3208 laco-1323.
530 3140 602 3222 Iph.
624 3140 698 3205 Aul.
726 3142 916 3205 314-316.
945 3136 1017 3204 Jon.
1041 3138 1224 3202 atr-254.
1248 3133 1325 3200 Hel.

171 3252 584 3317 546-549-550-552.
609 3247 741 3318 Heracl.
763 3245 826 3312 fur.
849 3249 1026 3312 701-706.

274 3356 399 3439 Quibus
414 3355 698 3438 rebusperspectis
707 3372 896 3438 persuasum
907 3353 1021 3435 habeo,
1034 3349 1328 3431 manuscriptorum

84 3531 86 3535 ,
171 3466 343 3532 lectionem
363 3484 511 3533 versuum
535 3468 599 3532 492
621 3483 666 3546 sq.
690 3482 762 3531 esse
784 3461 997 3530 retinendam.

276 3679 430 3761 Sequitur
460 3680 546 3746 alter
576 3679 680 3759 locun,
711 3677 751 3743 de
781 3694 843 3756 quo
866 3671 1013 3755 quaestio
1044 3674 1095 3735 est
1115 3667 1327 3735 instituenda.

171 3789 293 3856 Versus
310 3794 372 3857 529
391 3789 483 3874 (Iph.)
503 3789 580 3873 πρὶν
602 3782 664 3872 γὰρ
684 3792 800 3851 θανεῖν
818 3800 864 3866 οε,
890 3777 981 3846 τοῦδ’
1002 3778 1204 3863 ἐπαυρέσθαι
1225 3776 1329 3842 θέλω.

308 3903 370 3964 530
399 3897 478 3982 (01.)
507 3892 614 3983 ἕλεγχ),
636 3892 746 3980 ἐπειδὴ
766 3887 857 3959 τοῦδ’
878 3889 966 3980 ἐρᾷς·
989 3888 1073 3966 λέξω
1092 3881 1195 3970 θέγώ.

175 4005 337 4072 eiciendos
360 4006 525 4070 Usenerus
546 4007 668 4085 censet,
690 4001 766 4083 quia

278 4119 325 4204 (1)
349 4115 485 4198 primum
498 4112 669 4196 Iphigenia
687 4109 769 4176 nihil
782 4105 919 4175 rationis
933 4103 1061 4184 afferat,
1083 4117 1215 4166 ouruna
1227 4098 1330 4164 inter-

177 4226 345 4310 rogatione
359 4229 417 4308 (vs.
431 4225 506 4310 527)
527 4221 672 4288 breviter
690 4218 942 4302 complectatur,
971 4229 1054 4294 quae
1074 4207 1158 4276 scire
1179 4206 1329 4288 concupi-

178 4342 266 4418 scat3
289 4333 406 4400 deinde
