2994 4902
602 359 816 422 „31-

143 531 278 594 utentem
300 525 393 610 facit,
418 526 495 607 quio
517 545 670 593 uumerus
690 526 788 592 trium
803 543 918 627 'rorum
936 529 1070 590 sanctus
1093 527 1173 592 eret.
1188 523 1287 606 Verg.

141 635 206 706 Eoi.
220 636 307 702 VIII.
330 639 378 704 73.
404 653 536 701 numero
559 636 638 701 deos
664 635 787 716 Impere
809 633 941 716 gaudet.

237 765 366 852 (Aesoh.
389 765 528 847 Choeph.
552 769 624 832 244.
644 784 689 845 sq.
734 765 869 830 Theocr.
891 762 935 830 ΙΙ.
958 765 1007 830 43.

255 894 287 973 ἐς
308 896 378 980 τρὶς
396 888 597 960 α’ποοιιένόω
619 896 672 960 καὶ
694 896 763 980 τρὶς
784 887 862 959 τάδε
883 885 1004 958 πότνια
1024 891 1158 976 φωνῶ).

140 1023 178 1091 ci.
187 1024 433 1106 preeterequh.
443 1023 479 1092 Τ.
488 1031 589 1092 utet
598 1043 665 1104 sqq.
687 1023 888 1090 Heraclion
898 1001 1007 1090 usto.
1019 1019 1134 1088 Helen.
1146 1019 1289 1087 soloen.

143 1137 204 1198 148.
214 1140 329 1214 250sq.
340 1133 483 1198 Verbum
491 1134 611 1198 τίκτειν
622 1136 732 1199 autem
740 1133 781 1198 de
788 1136 883 1214 petre
891 1132 1082 1210 usurpetur:
1102 1127 1289 1193 Orest.239.

138 1237 219 1306 ἔτεκε
236 1241 428 1327 Ῥυνόαρέως
447 1291 454 1306 .
475 1291 484 1304 .
505 1243 600 1326 γένος
621 1240 828 1326 θυγατέρων.
850 1238 970 1304 Bacch.
983 1242 1054 1302 467.
1076 1240 1106 1300 Z
1111 1231 1179 1313 εὐς
1196 1235 1291 1314 νέους

139 1351 265 1415 τίκτει
287 1351 397 1428 θέους.
421 1350 623 1416 Τιοοιί.458.
642 1344 691 1436 χὼ
712 1343 821 1414 τεκών
841 1340 923 1432 ἡμᾶς
942 1340 1060 1431 πατήρ.
1083 1343 1214 1410 Heracl.
1227 1343 1290 1409 fur.

139 1465 210 1538 tsq.
232 1449 272 1523 όν
291 1452 447 1536 Ἀλκαῖός
464 1482 545 1523 ποτε
566 1454 670 1524 ἔπαθ’
692 1456 888 1542 crispatur.
911 1454 988 1519 ibid.
1003 1460 1052 1521 76.
1075 1457 1209 1538 ζητοῦσι
1230 1447 1291 1517 τὸν

139 1559 257 1630 τεκόντ’
283 1565 495 1646 lucrantem).
517 1565 586 1648 ipu.
610 1567 707 1633 'Peun
731 1571 803 1630 363.
827 1555 979 1648 γονάτων
999 1585 1033 1626 τε
1055 1563 1114 1626 τοῦ
1137 1554 1293 1636 τεκόντος

141 1669 348 1760 ἐξαρτωμένη.
377 1673 487 1754 Suppl.
512 1680 605 1741 1134.
627 1675 740 1760 (chor.)
763 1673 869 1741 orest.
893 1677 943 1736 98.
969 1671 1093 1750 (chon).

237 1803 331 1886 Quae
352 1822 426 1870 cum
448 1804 497 1870 ite
513 1803 588 1887 sint,
613 1823 673 1889 ego
689 1822 878 1886 persuasum
898 1801 1012 1882 habeo,
1033 1817 1148 1869 versus
1169 1803 1230 1865 273
1246 1817 1291 1878 sq.

138 1925 204 1974 esse
226 1912 413 1978 servandos.

560 2046 868 2060 -n-——fi—-

234 2263 328 2329 Illius
341 2265 483 2346 pastoris
498 2264 631 2330 deorum
650 2259 835 2328 reverentis
846 2278 960 2342 preces
973 2260 1068 2342 ulter,
1089 2260 1182 2325 homo
1200 2264 1292 2341 petu-

138 2369 205 2436 lans
226 2372 427 2454 licentiaque
449 2373 572 2456 audax,
602 2371 679 2438 risit
708 2389 747 2436 ac
768 2369 958 2452 peregrinos
979 2368 1054 2436 illos
1078 2387 1152 2434 esse
1174 2373 1294 2434 nautas

137 2481 311 2564 naufragos
334 2482 513 2562 contendit,
537 2481 591 2561 qui
609 2485 700 2548 metu
722 2479 820 2545 moris
841 2477 972 2544 Taurici
991 2479 1189 2546 advenarum
1207 2495 1293 2542 mac·

137 2589 303 2654 tandorum
326 2590 476 2655 commoti
498 2589 531 2654 in
555 2588 662 2656 locum
685 2586 897 2670 praecipitem
924 2585 1155 2669 confugissent.
1201 2584 1292 2668 Quae

138 2697 294 2773 posterior
316 2695 423 2777 opimo
444 2697 478 2761 in
501 2695 594 2761 libris
615 2693 845 2776 manuscriptis
858 2695 1014 2760 mandata
1026 2698 1078 2759 est
1099 2693 1150 2758 his
1168 2691 1290 2759 verbis:

255 2885 258 2889 .
285 2831 357 2893 276.
588 2826 766 2902 ναυτίλους
787 2819 815 2890 δ’
816 2823 1046 2910 ἐφθαρμένους

378 2925 515 2998 θάσσειν
537 2929 678 3020 φάραγί
699 2933 819 3017 ἔφασκε
832 2939 895 2999 τοῦ
916 2927 1020 3018 νόμου
1040 2925 1148 3017 φόβῳ,

286 3067 367 3142 278.ι
382 3055 545 3140 κλύοντας
566 3055 615 3144 ὡς
638 3060 777 3151 θύοιμεν
799 3057 919 3130 ἐνθάδε
941 3065 1063 3142 ξένους.

138 3187 205 3270 Cur,
227 3191 499 3260 utHerwerdeuo
519 3191 655 3264 videtur
675 3195 727 3275 (of.
741 3193 881 3262 Nauokii
893 3198 1002 3281 annot.
1022 3193 1122 3279 crit),
1144 3190 1292 3258 senarius

140 3302 195 3364 278
217 3300 465 3381 proscribendus
486 3302 540 3384 sit,
563 3304 712 3385 equidem
733 3322 797 3370 non
817 3300 983 3384 perspicio,
1026 3300 1108 3367 Nam
1129 3300 1157 3365 si
1178 3317 1293 3366 versos

44 3463 45 3470 ,
139 3406 284 3490 abesset,
318 3409 393 3488 quia
424 3428 544 3475 morem
567 3410 665 3477 istum
686 3411 903 3479 ermentarius
926 3415 1025 3475 antea
1047 3409 1186 3474 nondum
1209 3426 1292 3473 com-

139 3517 340 3597 memoravit,
373 3536 435 3582 non
463 3519 546 3583 sutis
567 3517 793 3604 intellegeres,
825 3518 954 3600 quinem
977 3536 1045 3584 mos
1066 3517 1173 3583 animo
1196 3515 1290 3582 liuius

139 3622 331 3691 observetur.

564 3771 833 3780 --..-.---
846 3773 865 3780 .-

236 3980 322 4048 Dum
353 3981 484 4048 bubulci
513 3983 702 4066 peregrinos
731 3983 880 4052 victimas
916 3985 1043 4054 Dianae
1070 4003 1188 4068 copone
1218 4001 1291 4050 con·

143 4085 293 4170 stituunt,
323 4088 457 4155 Orestes
485 4090 518 4154 in
548 4091 688 4157 furorem
718 4091 833 4158 Incidit
859 4113 899 4159 ac
929 4094 1038 4178 gledIo
1070 4094 1226 4159 destricto
1257 4093 1290 4158 in

144 4191 229 4264 bourn
252 4215 386 4282 gregem
415 4203 579 4280 tamquam
607 4201 640 4266 in
666 4199 783 4267 Furius
810 4202 913 4268 lrroit.
959 4204 1029 4286 Quo
1058 4202 1179 4283 impetu
1203 4203 1291 4268 lecto

146 4305 231 4374 amici
260 4309 330 4372 sine
353 4313 460 4372 mente
482 4326 522 4374 ec
544 4309 613 4375 sine
643 4309 709 4375 ullo
737 4328 832 4376 sensu
860 4311 995 4392 collapsi
1018 4329 1126 4377 curem
1151 4309 1291 4392 Pylades

146 4407 250 4480 holuit
273 4432 408 4494 euntque
431 4424 544 4482 contra
567 4419 743 4500 permultos
766 4419 890 4502 lapides
913 4420 944 4484 in
968 4437 1040 4487 erum
1065 4419 1179 4484 missos
1200 4418 1293 4498 peplo
