2994 4902
605 309 817 372 ..24-

131 473 324 554 requiritur,
367 479 404 539 ut
443 477 588 560 dicatur,
627 477 781 556 quomodo
826 479 859 544 in
903 480 1057 560 templum
1098 479 1290 559 irrumpant.

131 580 213 646 Inde
234 581 317 646 satis
337 577 540 678 perspicuum
565 591 632 669 est,
662 584 762 652 etiam
792 587 968 652 membrum
999 577 1047 652 ὦν
1074 583 1172 652 οὐδὲν
1198 585 1290 671 ἰὀμεν

132 708 203 754 esse
224 691 422 756 mutandum.

238 797 386 865 Omnium
413 800 534 881 primus
556 801 742 867 Badhamus
770 802 954 886 perspexit,
981 802 1095 883 quibus
1122 803 1155 866 in
1182 801 1293 868 verbis

134 906 249 972 vitium
263 907 395 991 inesset,
420 909 627 990 ostenditque
649 929 712 991 qua
727 910 854 976 ratione
868 912 957 978 locus
971 916 1058 978 esset
1072 910 1292 993 cormgendus.

137 1015 382 1082 Commendavit
411 1021 521 1083 autem
542 1019 626 1084 hanc
658 1018 917 1084 emendationem
939 1019 1044 1086 minus
1068 1019 1176 1085 sensui
1198 1036 1295 1098 qnam

135 1122 257 1188 litteris
265 1124 420 1191 librorum
430 1127 670 1192 accomodatam
682 1115 844 1200 οἷδὀσδόν
853 1127 970 1212 ἔσιμεν,
980 1125 1298 1208 quamSchenkelius

136 1232 317 1313 appellavit
346 1235 577 1317 ,‚palmarem“,
607 1234 829 1301 Kirchhoffius
854 1240 888 1300 et
910 1235 1077 1301 Nanckius
1104 1235 1139 1300 in
1169 1238 1297 1300 textum

137 1344 340 1422 receperunt.
363 1341 403 1406 cf.
423 1341 463 1407 de
481 1330 547 1408 ὦδε
563 1342 680 1408 Aesch.
697 1342 802 1408 Prom.
819 1348 889 1408 512.
933 1342 1099 1409 Audacius
1119 1361 1214 1422 quam
1236 1360 1299 1422 par

139 1452 190 1514 est
212 1467 283 1514 eam
306 1448 454 1516 defendit
475 1449 615 1517 Kvicala
636 1455 729 1516 ratus
750 1451 847 1516 limen
872 1469 943 1516 esse
968 1451 1104 1532 primam
1132 1448 1299 1515 interioris

139 1556 250 1621 domus
279 1562 405 1638 partem
436 1563 486 1640 et,
527 1577 598 1623 cum
633 1557 743 1624 limine
776 1558 900 1624 intrato
930 1557 1094 1641 peregrini
1120 1557 1234 1623 statim
1263 1555 1299 1621 in

138 1663 326 1729 interiorem
355 1665 468 1730 aedem
499 1666 627 1749 longius
655 1666 923 1750 progrediantur,
955 1662 1058 1733 oo’ddv
1083 1666 1216 1732 εἰσιέναι
1240 1684 1301 1747 per

139 1771 396 1838 immutationem
415 1791 486 1838 esse
503 1773 634 1838 dictum.
668 1772 943 1838 ReoteBadhami
962 1773 1159 1848 sententiam
1173 1771 1303 1838 refutat

143 1879 182 1944 G.
204 1878 391 1946 Dindorrius
413 1882 448 1966 (l.
471 1881 524 1968 a),
547 1882 717 1962 quianon
739 1881 786 1946 in
816 1881 931 1962 limen,
964 1882 1022 1948 sed
1050 1887 1173 1948 trans
1201 1880 1302 1946 limen

140 1987 307 2054 introeant
338 1994 372 2054 et
402 1989 522 2056 Graeci
551 2008 648 2072 saepe
677 1989 865 2071 usurparint
891 1985 973 2056 ὁδὸν
995 1991 1049 2056 vel
1071 1985 1175 2074 βαλὸν
1204 1982 1302 2074 ὑπερ-

142 2097 265 2174 βαίνειν
285 2095 449 2185 (similiter
470 2098 556 2164 Med.
576 2105 655 2164 382:
679 2092 802 2182 δόμους
822 2090 1030 2181 ὑπερβαίνειν
1049 2099 1119 2164 Ion.
1137 2097 1223 2184 514),
1244 2097 1304 2162 sed

142 2224 300 2286 nusquam
322 2206 367 2283 εἰς
391 2201 472 2272 ὁδὸν
503 2207 556 2273 vel
585 2207 630 2285 εἰς
651 2201 754 2292 daddo
775 2207 875 2287 ἰέναι;
904 2207 1060 2272 accedere
1090 2206 1175 2287 quod
1196 2205 1304 2271 ionica

143 2314 247 2382 forma
277 2307 377 2392 ον’δός
407 2316 439 2380 in
470 2333 566 2396 prosa
594 2314 741 2380 oratione
773 2315 871 2381 nullis
901 2315 975 2381 aliis
1009 2313 1194 2397 reperiatur
1223 2313 1305 2379 locis

143 2424 206 2490 nisi
239 2424 295 2507 iis,
334 2423 449 2504 quibus
475 2423 557 2489 illud
586 2421 719 2488 Homeri
747 2421 801 2488 ἐπὶ
834 2417 955 2508 γήραος
982 2418 1074 2508 ου’δῲ
1110 2423 1306 2505 scriptorum

144 2531 260 2598 animis
282 2532 490 2598 obversatum
512 2529 565 2597 sit,
612 2531 843 2597 Demenutll.
860 2531 1129 2612 Lucian.apol.4.
1146 2529 1304 2612 Hyperid.

145 2643 260 2706 contra
282 2639 448 2705 Demostlr.
468 2635 521 2703 ἐπί
542 2631 650 2724 γήρως
673 2634 776 2724 ου’δῴ.
802 2639 856 2723 (of.
879 2638 997 2704 Pollux
1014 2637 1059 2719 Π,
1088 2641 1139 2721 15)
1162 2638 1306 2720 Lycurg.

145 2749 242 2813 Laoc.
267 2748 357 2835 §tu
378 2747 464 2812 Plat.
494 2763 578 2828 resp.
605 2754 630 2811 1.
654 2766 684 2828 p.
711 2752 773 2812 328
796 2747 835 2812 Ε.
882 2746 971 2828 Quas
998 2745 1213 2812 difficultates
1241 2763 1307 2810 non

146 2855 314 2938 superauit
335 2854 498 2938 Bergkins
520 2872 592 2919 oum
615 2854 745 2936 scripsit
767 2849 827 2919 τὸν
850 2848 954 2919 ov'ddv
975 2851 1090 2938 ἐ’σιμεν.

250 2964 318 3029 Alii
340 2963 406 3030 alia
426 2962 725 3028 rationeBadhami
747 2962 1004 3028 emendationem
1021 2960 1179 3027 variando
1202 2959 1307 3024 locum

147 3071 323 3138 restituere
345 3071 453 3136 conati
476 3074 561 3136 sunt.
607 3070 767 3137 Kvioalae
789 3070 997 3136 coniecturae

457 3171 582 3264 πότερα
605 3172 771 3263 δωμάτων
795 3171 1036 3263 προσαμβάσεις

355 3279 575 3372 ἑκβησόμεσθ’,
598 3278 713 3365 ὅπως
735 3281 776 3352 ἄν
798 3275 858 3352 οὖν
880 3280 1039 3371 μάθοιμιν
1061 3279 1112 3367 ἄν,

354 3394 389 3460 εἰ
409 3386 633 3479 χαλκότευκτα
653 3397 784 3480 κλῇθρα
806 3387 962 3472 λύσαντες
984 3397 1116 3478 μοχλοῖς

355 3491 413 3568 dd
434 3497 537 3569 οὐδὸν
554 3499 680 3587 docum
1000 3525 1001 3528 ’

152 3612 277 3679 utalia
303 3611 468 3694 omittam,
498 3615 632 3693 propter
659 3609 880 3676 soloecismum
911 3604 1004 3687 ὅπως
1025 3604 1065 3674 ἄν
1090 3602 1310 3692 ..μάθοιμεν

153 3722 318 3787 reicienda
333 3725 392 3786 est.
416 3720 596 3786 Praeterea
612 3737 725 3801 parum
741 3717 955 3800 probabiliter
975 3716 1115 3783 coniecit
1124 3714 1312 3796 Koechlyus

153 3831 291 3919 (emend.
314 3834 399 3911 part.
423 3829 447 3896 Ι.
468 3849 496 3910 p.
521 3829 574 3916 12)

359 3931 405 4022 ἢν
427 3932 650 4021 χαλκότεντκα
671 3940 801 4020 κλῇθρα
825 3927 980 4011 λύσαντες
1001 3936 1133 4017 μοχλοῖς

360 4033 425 4110 ‹dd'
448 4044 663 4129 εἰσίο)μεν;

154 4173 251 4222 sensu
273 4154 402 4236 quidem
425 4158 503 4234 apte
532 4152 588 4219 sed
618 4149 713 4217 nimis
742 4150 899 4215 audacter
926 4145 1092 4211 Nauckius
1120 4138 1313 4245 θύραθεν

24 4243 26 4248 ,
156 4255 279 4351 ἕσιμεν;
311 4262 476 4330 sententia
505 4261 622 4328 idonea
651 4258 839 4341 Koechlyus
867 4256 919 4339 (in
944 4252 1095 4321 Schoenii
1124 4251 1222 4332 edit.)
1243 4242 1314 4352 ‘oid'

157 4371 246 4462 ἱερὸν
261 4373 378 4462 ἔσιμεν,
403 4368 633 4437 Weckleinius·
648 4356 706 4432 ὧδ’
717 4361 841 4431 ἄδυτον
852 4363 968 4450 ἔσιμεν,
992 4360 1131 4427 Weilius
1153 4352 1204 4424 ἄν’
1216 4355 1316 4432 οὖδας
