2994 4902
622 383 835 444 ..29-

144 565 211 612 non
239 547 335 613 videt.
378 529 565 612 Marklandi
594 547 813 614 coniecturam
844 543 914 613 οὐδ’
939 570 1031 626 οπως
1056 549 1125 614 iure
1148 552 1308 618 refutavit

143 651 331 734 Seidlorus3
351 654 562 737 Madvigiana
575 650 636 721 οἵδ’
651 649 710 738 εἶφ’
721 643 761 720 οὗ
775 660 809 721 ot
822 655 1011 722 Heathiana
1024 653 1059 735 ἐξ
1071 649 1152 722 ὅτου
1164 659 1307 740 (Horacl.

142 761 207 831 sur.
240 768 328 846 702),
365 782 460 843 quam
495 763 684 848 Koechlyus
714 764 881 829 Nauckius
913 764 1082 846 Zieglcrus
1114 765 1147 830 in
1180 771 1306 833 textum

141 877 356 954 receperunt,
389 871 535 952 quamvis
565 872 701 938 conexui
730 876 830 953 aptae
871 876 981 936 tamen
1007 872 1083 951 quia
1113 892 1133 938 a
1165 877 1309 942 codicum

142 980 291 1045 lectione
319 979 451 1045 nimium
483 980 641 1046 recedunt
670 999 734 1046 non
767 985 844 1045 sunt
875 979 945 1046 veri
975 979 1104 1047 similes,
1150 982 1196 1046 Et
1225 1002 1310 1050 nexu

140 1091 261 1153 autem
290 1091 324 1154 ot
354 1088 516 1169 scriptura
537 1088 635 1154 valde
657 1088 834 1169 probabilis
862 1093 914 1153 est
940 1089 1123 1154 emendatio
1147 1090 1310 1158 Embrdtii

142 1197 205 1274 (ci.
220 1197 382 1278 scruter),
405 1216 489 1277 quac
509 1196 822 1278 probaturSeidlero
844 1197 1029 1280 Hartungio
1045 1197 1162 1263 Wcilio
1182 1199 1310 1267 Baucro

142 1303 371 1371 Weckleinio:
410 1301 472 1371 οἵδ’
495 1304 572 1371 ἐπεὶ.
601 1305 732 1371 Heracl.
762 1311 791 1370 9.
822 1308 884 1370 νῦν
915 1300 942 1369 δ’
969 1303 1037 1370 ἐπεὶ
1066 1299 1137 1370 κατ’
1163 1302 1310 1392 οὐρανὸν

142 1413 239 1480 ναίει.
269 1413 354 1479 Med.
380 1421 448 1479 138.
478 1413 548 1478 inci
571 1436 627 1498 μοι
653 1414 744 1496 φιλία
771 1413 941 1498 κέκραται,
971 1421 1048 1495 („ex
1077 1432 1139 1493 qno
1166 1415 1311 1481 amititia

142 1521 228 1586 mihi
259 1539 330 1586 cum
360 1523 422 1588 bac
446 1523 537 1588 domo
561 1521 757 1587 intercessit.
781 1519 929 1606 Porson.)
951 1519 1028 1586 ibid.
1054 1528 1103 1586 26.
1128 1521 1235 1588 Orest.
1261 1530 1310 1588 tt.

142 1629 250 1710 Soph.
278 1629 389 1712 Autig.
418 1636 466 1695 15.
495 1630 612 1694 Aesch.
640 1631 754 1713 Agam.
777 1633 828 1696 40.
850 1667 892 1676 -
914 1627 1153 1711 Stichomythia
1175 1631 1313 1711 denique

143 1737 284 1804 minime
304 1739 456 1820 violatur,
480 1738 517 1815 si,
538 1743 577 1803 ut
596 1738 784 1819 saepissime
805 1736 843 1802 fit
865 1735 975 1822 (Hipp.
994 1743 1065 1803 353.
1083 1737 1201 1805 Bacch.
1222 1746 1311 1809 1303.

142 1845 222 1911 Hel.
249 1851 320 1914 317.
343 1845 508 1912 Heraclid.
532 1851 605 1912 641.
628 1851 713 1927 etot,
736 1844 882 1926 pluribus
904 1845 1053 1911 versibus
1074 1845 1196 1912 finitur.

740 2071 802 2078 --—.
822 2071 858 2076 ..-
883 2071 889 2075 .

258 2323 391 2388 Orestes
418 2327 453 2388 et
476 2321 617 2405 Pylades
639 2320 762 2400 templo
789 2319 931 2400 locisque
951 2321 1138 2402 propinquis
1160 2326 1314 2388 accurate

146 2431 296 2515 cognitis
321 2429 517 2511 consilioque
539 2435 638 2496 noctu
662 2428 693 2492 in
717 2429 831 2494 aedem
858 2429 1056 2510 irrumpendi
1085 2430 1180 2512 inito,
1209 2450 1249 2496 nc
1271 2433 1313 2498 ab

147 2542 220 2606 uilo
236 2538 363 2604 homine
385 2539 743 2620 conspicerenturneve
764 2537 835 2620 regi
845 2542 955 2602 terrae
965 2537 1125 2603 Tauricae
1140 2540 1314 2619 proderen-

147 2657 222 2730 tur,
256 2666 357 2727 usque
387 2648 430 2714 ad
459 2647 539 2712 illud
567 2650 694 2726 tempus
724 2664 822 2726 prope
852 2665 940 2710 mare
968 2651 1064 2711 antro
1090 2649 1313 2714 seoccultare

148 2759 339 2826 valuernut.
384 2758 431 2822 At
453 2761 568 2821 contra
589 2753 771 2836 opinionem
793 2754 902 2819 oculos
928 2754 1199 2821 armentariorum
1222 2755 1255 2820 in
1281 2776 1315 2822 se

150 2869 391 2934 converterunt
413 2884 453 2931 ao
475 2883 586 2948 pugna
606 2862 739 2928 fortiter
763 2867 909 2946 pugnata
932 2881 953 2926 a
973 2863 1143 2943 permultis
1168 2865 1315 2930 hostibus

149 2975 246 3058 capti
266 2979 351 3039 suut.
380 2974 473 3056 Quod
495 2973 652 3053 quomodo
675 2971 800 3036 factum
821 2971 874 3052 sit,
897 2970 1204 3054 bubulcusquidam,
1229 2994 1315 3040 moro

152 3083 321 3151 hominum
333 3082 523 3162 huiusmodi,
542 3080 647 3145 fusius
663 3078 827 3145 describit.
861 3077 956 3144 Hauc
973 3087 1160 3146 accuratam
1177 3083 1315 3165 longior-

151 3210 271 3272 emque
291 3191 511 3256 narrationem
531 3187 748 3270 compluribus
758 3187 838 3253 locis
851 3186 1102 3268 interpolatione
1113 3189 1317 3270 inquinatam

151 3320 228 3368 esse
251 3300 396 3365 nonnulli
418 3298 480 3366 viri
507 3297 595 3362 docti
628 3302 773 3362 censent.
819 3295 960 3377 Quorum
983 3296 1023 3362 de
1047 3299 1220 3365 sententiis
1242 3302 1317 3382 quid

153 3409 369 3476 statuendum
387 3408 441 3488 sit,
464 3423 550 3471 rruno
571 3403 758 3470 accuratius
775 3403 975 3482 adquiratur.

304 3538 426 3603 Versus
448 3541 520 3602 273.
541 3528 560 3619 ἢ
583 3533 721 3619 Νηρέως
742 3527 913 3617 ἀγάλμαθ’,
935 3526 973 3609 ὃς
994 3529 1054 3598 τὸν
1075 3529 1187 3621 εὐγενῆ

445 3649 517 3711 274.
541 3639 643 3708 ἔτικτε
666 3634 872 3726 πεντήκοντα
894 3633 1058 3726 Νηρῄδων
1081 3635 1182 3726 pepon

155 3754 287 3838 spurios
309 3751 441 3818 notavit
463 3748 679 3816 Sohcukelius
697 3748 827 3828 (Philol.
848 3747 924 3812 XX.
947 3767 976 3829 p.
1000 3751 1087 3835 328).

262 3884 311 3970 (1)
326 3884 375 3948 Ac
392 3881 527 3962 primum
543 3879 669 3960 quidem
689 3883 804 3944 contra
819 3878 931 3943 horum
947 3895 1096 3944 versuum
1121 3879 1317 3946 sententiam

156 3989 299 4076 proferri
319 3993 439 4072 potest,
463 3988 568 4082 Nereo
590 3986 673 4053 filios
695 4005 757 4052 non
783 4004 870 4062 esso3
894 3984 1011 4050 deiude

264 4120 313 4206 (2)
336 4111 505 4203 ἀγάλματα
526 4117 546 4182 i.
562 4136 589 4183 e.
612 4116 746 4182 delicias
766 4114 964 4200 (carissimos
977 4114 1109 4191 liberos)
1127 4115 1318 4182 vocabulum

157 4228 322 4314 poeticum
341 4227 404 4292 nisi
424 4227 457 4292 in
467 4226 604 4292 canticis
620 4243 683 4292 uon
704 4223 859 4290 adhiberi.
881 4221 958 4288 Eur.
973 4223 1081 4304 b'uppl.
1093 4228 1163 4292 370.
1179 4225 1319 4308 ματέρος

158 4335 305 4424 ἆγαλμα;
340 4335 436 4416 Soph.
467 4335 544 4402 Ant.
569 4339 650 4401 1116
684 4331 844 4417 Καδμείας
867 4323 997 4416 νύμφας
1024 4325 1157 4416 ἄγαλμα.
1201 4333 1319 4400 Aescb.

158 4451 276 4530 Agatur.
301 4450 363 4512 207
387 4442 508 4516 ‹Dindr
532 4442 651 4508 τέκνον
674 4434 787 4528 δόμων
808 4435 951 4526 &patrm
974 4445 1042 4504 tunt
