2994 4902
666 373 878 434 ,30-

300 539 349 622 (3)
372 535 547 603 Nereidum
568 538 657 602 ebori
679 537 875 604 mentionem
895 557 966 604 esso
986 555 1269 620 supervacaneam.

299 649 468 715 Particula
489 647 551 714 εἴτε
573 656 617 730 (v.
633 654 709 731 772)
730 650 1088 734 significatgermanioe
1109 651 1206 732 „oder
1227 651 1350 730 wenn,“

196 758 284 844 (Eur.
294 757 410 824 Troad.
420 760 484 823 874
492 775 537 837 sq.
553 769 683 823 κτανεῖν
691 757 762 844 ἐμοί
774 782 827 825 νιν
836 756 954 824 ἔδοσαν
962 758 1024 825 εἴτε
1031 754 1074 846 μὴ
1081 753 1215 824 κτανών
1229 757 1355 841 θέλοιμ’

195 864 332 956 ἄγεσθαι
352 863 454 934 πάλιν
476 867 509 946 ἐς
521 863 680 955 Ἀργείων
699 863 815 953 χθόνα.
838 869 955 954 fragm.
972 870 1086 936 incert.
1099 875 1169 935 103.
1182 867 1222 933 ef.
1235 865 1353 950 Pflugn

194 977 326 1045 adIdur.
343 977 416 1044 Hel.
429 978 516 1064 877),
539 983 577 1044 ut
599 977 689 1059 prius
710 980 886 1046 membrum
908 979 1013 1060 iniis,
1037 996 1121 1061 quae
1142 975 1352 1056 antecedunt,

194 1089 259 1153 iam
281 1087 376 1168 insit;
401 1087 484 1166 quod
509 1105 580 1152 oum
600 1104 663 1152 non
685 1087 896 1171 intellexerit,
919 1087 1196 1170 interpolatorem,
1219 1089 1257 1150 ut
1279 1101 1352 1166 par·

195 1196 340 1277 ticulum,
364 1213 447 1274 quae
462 1195 535 1261 vooi
553 1193 616 1260 rire
634 1196 855 1280 responderet,
868 1197 1036 1280 insereret,
1052 1211 1166 1261 versus
1176 1193 1251 1260 illos
1261 1191 1351 1258 addi-

193 1303 279 1370 disse
301 1301 404 1384 possit
425 1320 503 1370 sane
526 1302 644 1382 aliquis
665 1304 820 1370 oonioere.

296 1411 406 1476 Verba
427 1411 565 1497 Νηρέως
588 1404 756 1497 ἀγάλματα
783 1431 848 1478 101
875 1411 1011 1492 habere,
1042 1410 1076 1478 in
1105 1427 1166 1490 quo
1196 1407 1351 1482 offendas,

196 1522 288 1585 recte
310 1519 406 1585 dooet
421 1518 568 1585 Bauerus
589 1529 705 1602 (progr.
717 1539 746 1601 p.
760 1522 814 1606 9.).
839 1519 957 1585 Pastor
977 1519 1062 1586 enim
1085 1537 1156 1584 enm
1178 1518 1352 1583 daemones

120 1697 122 1710 ,
192 1633 235 1712 (1.
258 1633 319 1695 767
342 1645 389 1708 sq.
411 1627 561 1711 δαίμονες
583 1679 590 1692 .
614 1677 621 1693 .
646 1677 653 1694 .
678 1624 1008 1694 0131111111010111
1037 1627 1160 1693 dietum
1189 1628 1254 1711 est)
1283 1624 1352 1690 illio

192 1735 306 1800 sedere
332 1732 504 1817 audiverit,
537 1739 648 1800 tamen
671 1753 776 1816 neque
804 1739 913 1801 utrum
936 1735 988 1800 dei
1010 1754 1052 1801 an
1081 1736 1162 1801 deae
1183 1751 1244 1800 neo
1273 1737 1352 1814 quot

192 1843 260 1910 sint
283 1843 367 1910 seire
389 1845 507 1924 potest.
553 1842 643 1924 Quas
664 1861 718 1910 res
744 1843 912 1923 quominus
933 1843 1046 1910 statim
1068 1843 1110 1908 ub
1138 1841 1231 1909 initio
1255 1859 1351 1908 anou-

193 1951 298 2017 ratius
320 1953 547 2033 cognosceret,
578 1968 616 2016 eo
635 1951 784 2031 impediri
805 1951 927 2034 potuit,
949 1951 1033 2032 quod
1052 1949 1102 2015 illi
1124 1949 1219 2015 nimis
1238 1948 1353 2030 procul

193 2060 353 2126 sedebant
374 2075 479 2138 neque
500 2057 570 2140 ipse
592 2057 803 2141 religionibus
827 2059 997 2126 admodum
1020 2057 1150 2124 deditus
1172 2057 1350 2137 tranquillo

193 2168 299 2234 animo
320 2184 375 2232 eos
391 2165 537 2248 aspicere
555 2166 719 2234 studebat.
754 2167 871 2249 Itaque
883 2167 985 2248 primo
1001 2152 1107 2248 unum,
1120 2165 1351 2232 Palaemonem
1462 2241 1463 2250 .

93 2264 99 2268 ’
193 2276 305 2358 solum,
326 2275 450 2340 adorat.
483 2274 658 2354 Postquam
676 2279 785 2340 autem
801 2294 931 2341 numero
951 2278 1120 2357 perspeoto
1136 2292 1191 2339 eos
1204 2272 1351 2354 appella·

193 2386 243 2454 vit
266 2366 456 2466 Dioscuros,
489 2383 592 2449 oeulis
620 2383 687 2449 suis
716 2383 819 2465 ipsius
847 2384 934 2450 baud
962 2383 1010 2450 ita
1040 2383 1118 2450 fisus
1146 2383 1266 2449 liberos
1297 2382 1352 2449 dei

193 2493 347 2559 maritimi
372 2496 470 2558 vorat
499 2497 636 2573 11273)
663 2496 762 2571 atque
791 2492 896 2558 adhuc
925 2491 1040 2558 dubius
1071 2491 1126 2571 qui
1152 2491 1233 2573 sint,
1268 2509 1351 2557 voce
1461 2517 1462 2550 l

191 2602 297 2668 media
311 2593 510 2686 ἀγαλμάτων
521 2599 740 2687 (deliciarum)
754 2600 868 2683 utitur,
889 2619 951 2680 quo
970 2600 1096 2680 quidem
1115 2600 1234 2666 blando
1252 2618 1351 2666 voea-

191 2712 277 2792 bulo,
302 2727 374 2776 oum
397 2727 476 2776 vera
499 2708 628 2774 nomina
650 2727 686 2774 se
708 2707 808 2775 affere
820 2727 914 2789 posse
936 2711 1096 2791 desperet,
1116 2709 1247 2774 deorum
1269 2727 1351 2788 quos

190 2822 288 2902 putat
323 2815 586 2882 benevolentiam
617 2815 827 2896 favoremque
858 2816 989 2882 facilius
1017 2835 1057 2882 ao
1085 2817 1190 2900 magis
1220 2835 1255 2882 se
1286 2815 1351 2883 sibi

192 2923 440 2992 conciliaturum
456 2941 528 2989 esse
543 2942 675 3005 sperare
683 2929 803 3007 potest.
826 2923 999 2991 Nereidum
1009 2925 1125 2990 chorus
1133 2925 1284 2991 autemin
1297 2925 1350 3007 iis,

193 3053 275 3117 quae
291 3037 480 3116 sequuntur,
501 3033 573 3100 ideo
585 3034 824 3102 commemorari
835 3035 974 3117 videtur,
988 3034 1194 3116 quodNereo‚
1207 3036 1351 3114 quando-

194 3143 321 3227 quidem
344 3141 375 3207 ei
394 3145 446 3207 tot
465 3141 560 3207 liberi
581 3146 667 3224 sunt,
690 3142 899 3222 illosquoqne
923 3161 993 3209 esse
1016 3162 1110 3225 posse
1132 3143 1352 3209 armentarius

192 3256 297 3335 putat.
344 3251 495 3316 Ceterum
525 3250 566 3317 of.
597 3251 707 3317 adnot.
736 3251 903 3335 Koechlyi.
948 3252 1040 3334 Quae
1078 3251 1206 3332 quidem
1242 3251 1350 3334 opinio

192 3382 212 3428 a
234 3359 296 3427 tali
317 3358 454 3442 homine,
478 3359 606 3438 qualem
628 3358 802 3442 Euripides
823 3360 999 3445 depingere
1020 3361 1133 3444 voluit,
1154 3361 1263 3428 aliena
1283 3379 1348 3427 non

188 3470 325 3539 videtur.

293 3577 364 3642 Iam
386 3593 469 3655 quae
486 3579 660 3656 supersunt
679 3574 808 3658 singula
825 3575 1001 3644 videamus,
1022 3575 1085 3642 εἴτε
1103 3631 1110 3644 .
1132 3632 1138 3645 ,
1161 3630 1167 3641 .
1187 3571 1207 3664 ἥ
1226 3575 1348 3657 reperi-

190 3689 245 3752 tur
270 3683 355 3750 Plat.
379 3684 463 3766 legg.
481 3681 519 3750 V.
542 3701 573 3763 p.
598 3688 669 3765 739,
693 3681 752 3747 IX.
776 3702 804 3764 p.
828 3689 901 3750 862.
923 3683 1044 3750 Pbaed.
1068 3691 1129 3751 277
1153 3685 1192 3768 d.,
1221 3685 1348 3764 republ.

189 3794 250 3860 ΠΙ.
272 3811 301 3874 p.
320 3791 438 3874 53311,
461 3790 626 3872 Aristopb.
649 3791 723 3856 nub.
736 3797 798 3858 272
813 3809 859 3871 sq.
889 3791 1047 3874 Quoniam
1070 3793 1227 3860 bubulcus
1246 3795 1348 3861 versi·

188 3903 249 3967 bus
261 3906 323 3967 270
334 3917 378 3979 sq,
395 3897 615 3980 pronuntiatis
634 3899 765 3965 deorum
787 3917 867 3980 quos
881 3905 979 3982 putat
992 3918 1158 3966 numerum
1181 3902 1346 3985 perspicit,

189 4007 359 4077 asenario
381 4011 537 4088 sequente
559 4007 720 4074 ooniioere
742 4007 857 4091 incipit
879 4008 1077 4096 (utsupra),
1102 4009 1232 4089 quinam
1252 4013 1347 4086 ambo

189 4137 261 4188 esse
281 4116 415 4200 possint.
461 4115 566 4198 Quam
588 4117 627 4181 ob
646 4135 715 4182 rem
733 4117 896 4199 particula
919 4117 1116 4186 disiunotiva
1138 4113 1166 4204 ἢ,
1192 4136 1255 4201 qua
1276 4136 1346 4184 sae·

189 4226 262 4309 pius
281 4224 445 4290 indicatur
474 4223 720 4306 interpolatoris
742 4224 1014 4316 additamentum,
1044 4228 1104 4293 hoo
1127 4226 1255 4348 quidem
1275 4226 1346 4291 looo

189 4335 222 4400 11
234 4331 445 4414 suspicionem
455 4332 602 4399 vocanda
620 4351 684 4399 non
693 4332 831 4400 videtur.
865 4333 1017 4400 Ceterum
1027 4335 1205 4418 Euripides
1226 4334 1347 4416 triplioi

191 4443 321 4508 deorum
337 4441 543 4508 invocatione
560 4441 719 4508 bominem
738 4442 997 4524 superstitiosum
1018 4443 1158 4510 fortasse
1169 4426 1346 4686 propterea

1159 4693 1235 4880 ,
