2994 4902
601 308 815 367 „3¹7-

128 469 269 535 virebat
301 469 331 534 in
357 471 448 537 domo
478 477 634 556 paterna,
672 473 799 540 felicior
830 473 956 555 quidem
988 477 1061 542 erat
1093 492 1188 554 quam
1217 477 1289 556 post

127 575 382 643 immolationem
405 598 495 646 suam
517 581 744 665 Aulidensem,
771 582 828 649 sed
848 583 911 648 hac
940 581 1032 648 facta
1059 582 1151 670 (ergo
1175 575 1289 668 ἥτοτ’

126 679 348 771 εὐτυχεστέρα
380 682 463 774 ου’τι)
497 691 609 767 κακῶς
638 684 811 778 πράξασα)
850 689 976 756 miseris
1013 690 1096 757 bene
1139 689 1291 773 cupiebat

127 795 209 879 (vss.
233 796 424 882 344-347).

237 923 330 1008 Eam,
355 942 437 1006 quae
458 926 528 992 sola
546 931 598 992 est
619 926 813 1010 probabilis,
838 927 901 994 loci
922 926 1178 993 emendationem
1200 928 1290 993 inve·

127 1032 220 1099 nisse
237 1033 316 1098 mihi
338 1034 468 1100 videtur
480 1033 713 1118 Weckleiuius,
736 1053 807 1100 oum
829 1053 887 1118 pro
910 1047 1015 1101 τοῖσιν
1036 1030 1292 1120 εὐτυχεστέροις

127 1139 266 1222 scripsit
286 1153 371 1207 τοῖσι
391 1143 410 1207 δ
417 1143 685 1229 υστυχεστὲροις.
723 1143 855 1210 Etenim
877 1143 1049 1227 Iphigenia
1071 1162 1143 1209 cum
1164 1162 1217 1210 res
1234 1145 1290 1210 ad·

128 1267 258 1332 versae,
281 1269 361 1330 quas
389 1251 465 1316 olim
486 1255 589 1335 nacta
615 1256 685 1333 est,
717 1251 818 1319 etiam
850 1256 920 1319 tum
950 1269 1013 1318 uon
1046 1251 1292 1319 oblivisceretur

129 1361 176 1444 (v.
189 1363 269 1442 361)
281 1376 321 1425 ao
343 1359 397 1426 diu
415 1359 575 1442 longeque
594 1379 615 1426 a
637 1360 745 1442 patria.
765 1365 890 1427 remota
912 1379 1041 1426 suorum
1059 1360 1292 1427 consuetudine

129 1485 188 1548 per
221 1467 329 1534 dolum
357 1469 403 1554 (v.
425 1469 504 1555 371)
532 1467 663 1550 priuata
693 1474 782 1535 esset
811 1472 845 1536 et
874 1473 1008 1534 cruento
1028 1487 1177 1551 munere,
1207 1469 1292 1549 quod

129 1576 236 1642 valde
259 1575 414 1642 abhorret
436 1578 477 1642 ab
501 1577 570 1644 eius
591 1577 731 1644 moribus
751 1585 786 1644 et
802 1577 909 1644 animo
927 1578 1007 1663 (uss.
1030 1583 1071 1644 36
1079 1595 1126 1658 sq.
1151 1581 1213 1643 380
1222 1595 1291 1657 sqq.

132 1689 223 1767 775),
240 1683 334 1768 fungi
351 1684 495 1768 deberet,
518 1685 714 1752 hauddubie
735 1685 835 1752 etiam
858 1692 936 1752 ante
956 1685 1039 1752 illud
1060 1685 1175 1781 somnii
1187 1683 1292 1752 visum

131 1791 251 1858 infelix
265 1795 338 1858 erat
348 1798 393 1874 (v.
404 1795 477 1859 344.
490 1781 646 1878 οῧκαρδίοι
662 1788 809 1878 τάλαινα,
825 1796 922 1879 πρὶν.
939 1849 946 1862 .
967 1847 973 1857 .
989 1783 1111 1879 .ἧσδα;
1135 1800 1290 1874 6183qq.;

133 1917 233 1980 quam
256 1901 365 1966 obrem
384 1905 475 1966 recte
497 1901 578 1967 dicit
600 1899 630 1967 οἱ
651 1902 828 1986 δυστυχεῖς.
850 1920 882 1969 v.
906 1904 1001 1989 357),
1024 1901 1082 1968 sed
1103 1906 1214 1967 tamen
1236 1901 1293 1967 mi·
1370 1939 1373 1946 ·

132 2027 194 2076 nus
224 2007 283 2090 iis,
313 2008 368 2089 qui
393 2009 480 2090 apud
509 2013 642 2092 gentem
672 2016 841 2077 externam
870 2010 983 2075 mortis
1012 2009 1168 2092 supplicio
1197 2015 1294 2075 erant

134 2114 313 2182 afficiendi.
372 2115 490 2199 Itaque
527 2118 562 2183 in
597 2118 786 2200 peregrinos
821 2117 1039 2200 imprimisque
1072 2117 1107 2182 in
1139 2115 1292 2200 Graecos,

133 2224 423 2306 quotienscumque
451 2226 637 2292 immolandi
670 2226 701 2291 ei
728 2225 845 2292 traditi
878 2231 991 2308 erant,
1027 2243 1136 2291 amore
1164 2225 1294 2307 patriae

136 2331 365 2415 redintegrato
400 2332 531 2415 placida
566 2334 747 2400 misericors
786 2334 944 2400 benevola
980 2337 1061 2399 erat.
1118 2332 1295 2413 Postquam

134 2445 249 2506 autem
278 2441 413 2506 fratrem
442 2445 546 2508 morte
575 2441 636 2507 sibi
664 2461 735 2508 esso
764 2446 912 2525 ereptum
939 2440 1048 2507 etita
1073 2443 1178 2508 totam
1203 2459 1295 2507 suam

134 2547 272 2630 stirpem
295 2547 500 2614 interituram
523 2548 584 2616 sibi
594 2550 767 2632 persuasit,
791 2550 889 2615 etiam
901 2550 1004 2615 multo
1021 2547 1183 2614 infelicior
1198 2566 1295 2628 quam

88 2677 92 2688 ·
134 2656 234 2735 paulo
256 2659 357 2723 antea
378 2661 413 2723 et
433 2656 596 2723 exstincto
618 2658 746 2739 patriae
769 2677 877 2725 amore
901 2657 936 2723 in
957 2675 1021 2739 eos
1050 2655 1241 2736 quicumque
1261 2656 1296 2722 in

135 2762 220 2829 lines
242 2763 399 2832 Tauricos
420 2765 556 2833 veniunt
577 2766 631 2834 vel
657 2765 751 2831 modo
774 2767 953 2846 venerunt,
979 2762 1168 2846 peregrinos
1196 2764 1295 2831 male·

135 2872 214 2937 vola
225 2871 316 2938 facta
329 2876 390 2938 est.
435 2873 595 2956 Quoniam
615 2878 725 2940 autem
747 2877 838 2940 certe
859 2873 893 2939 hi
912 2871 971 2938 illa
989 2870 1186 2938 infeliciores
1207 2877 1294 2956 sunt,
1358 2918 1361 2924 -

136 2977 311 3062 Iphigenia
338 2980 372 3045 in
398 2981 563 3062 sententia
592 2982 740 3066 generali
767 3000 823 3047 eos
844 2979 1119 3064 δυστυχεστέρους
1148 2980 1296 3072 appellat

136 3105 274 3168 eamque
296 3089 347 3154 his
375 3089 445 3156 fere
466 3090 575 3156 verbis
596 3089 765 3173 exprimit:
796 3089 959 3170 infelices,
988 3105 1061 3153 cum
1091 3086 1153 3170 ipsi
1182 3086 1216 3153 in
1243 3106 1297 3154 res

136 3195 296 3262 adversas
320 3196 521 3281 inciderunt,
546 3198 781 3265 infelicioribus
801 3215 865 3262 non
886 3196 970 3262 bene
992 3193 1135 3276 cupiunt.
1178 3192 1297 3276 Itaque

137 3303 397 3370 emendationem
414 3309 680 3392 δυστυχεστέροις
695 3305 914 3388 recipiendam
934 3322 1005 3370 esse
1027 3303 1177 3369 arbitror.
1194 3302 1297 3370 Meta-

138 3429 217 3492 gero
239 3417 348 3479 autem
371 3414 467 3500 (Blf.
491 3414 569 3481 dB.
584 3415 623 3480 G.
642 3433 672 3480 u.
690 3415 729 3480 R.
738 3413 790 3479 W.
803 3413 881 3483 XII.
897 3431 928 3495 p.
950 3412 1028 3499 458)
1049 3430 1114 3478 non
1134 3413 1299 3480 assentiar

140 3537 252 3587 versus
274 3521 348 3588 illos
369 3522 430 3587 hoc
449 3522 541 3588 modo
563 3523 720 3588 scribenti

345 3651 375 3718 oi
394 3653 562 3738 δυστυχεῖς
582 3655 648 3719 καὶ
668 3665 753 3719 τοῖσι
773 3650 1039 3736 δυστυχεστέροις

345 3755 438 3826 αὐτοὶ
460 3763 552 3846 πρὶν
574 3749 615 3828 εὖ
635 3753 820 3847 πράξαντες
837 3749 876 3826 οὗ
899 3759 1081 3843 φρονοῦσιν
1099 3743 1143 3824 εὖ.

142 3885 190 3954 De
201 3889 280 3971 πρὶν
290 3875 325 3954 εὖ
337 3887 400 3955 iam
417 3908 515 3972 supra
530 3889 684 3972 diximus3
707 3891 761 3955 καὶ
778 3895 887 3955 autem
910 3883 1128 3952 necessarium
1150 3900 1215 3949 non
1235 3889 1295 3950 est.

245 4017 368 4101 Quibus
379 4019 476 4084 rebus
494 4018 681 4086 constitutis
700 4036 764 4085 non
786 4015 920 4085 difficile
942 4018 993 4080 est
1014 4013 1196 4096 intellectu,
1219 4009 1297 4092 quid

142 4123 181 4189 de
202 4123 239 4188 F.
260 4123 298 4192 G.
316 4124 487 4192 Schmidtii
506 4125 709 4209 argumentis
731 4124 901 4191 dicendum
922 4122 973 4188 sit.

244 4253 436 4322 Rectissime
476 4257 527 4322 bic
566 4256 618 4324 vir
646 4255 761 4322 doctus
798 4271 929 4321 causam
966 4249 1151 4317 offensionis
1189 4247 1296 4314 inesse

144 4361 308 4431 existimat
337 4366 371 4432 in
400 4366 557 4432 vocabulo
585 4358 836 4450 εὐτυχεστέροις.
881 4360 945 4428 Sed
967 4358 1008 4426 de
1031 4375 1112 4426 voce
1139 4374 1294 4444 συγχεοεο
