<?xml version="1.0" encoding="UTF-8"?>
<!DOCTYPE html PUBLIC "-//W3C//DTD XHTML 1.0 Transitional//EN"
    "http://www.w3.org/TR/xhtml1/DTD/xhtml1-transitional.dtd">
<html xmlns="http://www.w3.org/1999/xhtml" xml:lang="en" lang="en">
 <head>
  <title>
</title>
<meta http-equiv="Content-Type" content="text/html;charset=utf-8" />
  <meta name='ocr-system' content='tesseract 3.04.00' />
  <meta name='ocr-capabilities' content='ocr_page ocr_carea ocr_par ocr_line ocrx_word'/>
</head>
<body>
  <div class='ocr_page' id='page_1' title='image "./deversibussuspe00schugoog_0018.png"; bbox 0 0 2994 4902; ppageno 0'>
   <div class='ocr_carea' id='block_1_1' title="bbox 649 381 863 442">
    <p class='ocr_par' dir='ltr' id='par_1_1' title="bbox 649 381 863 442">
     <span class='ocr_line' id='line_1_1' title="bbox 649 381 863 442; baseline -0.005 -14"><span class='ocrx_word' id='word_1_1' title='bbox 649 381 863 442; x_wconf 70' lang='lat'>..11-</span> 
     </span>
    </p>
   </div>
   <div class='ocr_carea' id='block_1_2' title="bbox 167 545 1347 1926">
    <p class='ocr_par' dir='ltr' id='par_1_2' title="bbox 167 545 1341 954">
     <span class='ocr_line' id='line_1_2' title="bbox 167 545 1340 630; baseline -0.001 -17"><span class='ocrx_word' id='word_1_2' title='bbox 167 547 327 630; x_wconf 89' lang='lat' dir='ltr'>Strophii</span> <span class='ocrx_word' id='word_1_3' title='bbox 360 547 417 613; x_wconf 86' lang='lat' dir='ltr'>lilii</span> <span class='ocrx_word' id='word_1_4' title='bbox 445 547 567 614; x_wconf 89' lang='lat' dir='ltr'>mentio</span> <span class='ocrx_word' id='word_1_5' title='bbox 590 547 658 614; x_wconf 88' lang='lat' dir='ltr'>fiat.</span> <span class='ocrx_word' id='word_1_6' title='bbox 704 548 821 628; x_wconf 89' lang='lat' dir='ltr'>ltaque</span> <span class='ocrx_word' id='word_1_7' title='bbox 842 545 1039 613; x_wconf 83' lang='lat' dir='ltr'>Weckleimi</span> <span class='ocrx_word' id='word_1_8' title='bbox 1064 545 1260 612; x_wconf 88' lang='lat' dir='ltr'>sententiam</span> <span class='ocrx_word' id='word_1_9' title='bbox 1284 549 1340 612; x_wconf 92' lang='lat' dir='ltr'>im·</span> 
     </span>
     <span class='ocr_line' id='line_1_3' title="bbox 168 653 1341 740; baseline -0.001 -20"><span class='ocrx_word' id='word_1_10' title='bbox 168 656 390 739; x_wconf 88' lang='lat' dir='ltr'>pugnandam</span> <span class='ocrx_word' id='word_1_11' title='bbox 430 670 546 723; x_wconf 87' lang='lat' dir='ltr'>censeo</span> <span class='ocrx_word' id='word_1_12' title='bbox 585 660 619 722; x_wconf 88' lang='lat' dir='ltr'>et</span> <span class='ocrx_word' id='word_1_13' title='bbox 656 657 822 740; x_wconf 90' lang='lat' dir='ltr'>Koechlyo</span> <span class='ocrx_word' id='word_1_14' title='bbox 850 655 1031 736; x_wconf 88' lang='lat' dir='ltr'>Weilioque</span> <span class='ocrx_word' id='word_1_15' title='bbox 1059 655 1236 722; x_wconf 88' lang='lat' dir='ltr'>assentior:</span> <span class='ocrx_word' id='word_1_16' title='bbox 1278 653 1341 720; x_wconf 90' lang='lat' dir='ltr'>etsi</span> 
     </span>
     <span class='ocr_line' id='line_1_4' title="bbox 170 763 1340 848; baseline -0.001 -20"><span class='ocrx_word' id='word_1_17' title='bbox 170 763 355 846; x_wconf 82' lang='lat' dir='ltr'>Iphigenia</span> <span class='ocrx_word' id='word_1_18' title='bbox 376 765 484 846; x_wconf 85' lang='lat' dir='ltr'>plures</span> <span class='ocrx_word' id='word_1_19' title='bbox 506 764 675 832; x_wconf 80' lang='lat' dir='ltr'><strong>habuisset</strong></span> <span class='ocrx_word' id='word_1_20' title='bbox 698 764 1023 848; x_wconf 88' lang='lat' dir='ltr'>consanguineorum,</span> <span class='ocrx_word' id='word_1_21' title='bbox 1047 764 1227 831; x_wconf 87' lang='lat' dir='ltr'>columnam</span> <span class='ocrx_word' id='word_1_22' title='bbox 1250 763 1340 829; x_wconf 92' lang='lat' dir='ltr'>illam</span> 
     </span>
     <span class='ocr_line' id='line_1_5' title="bbox 170 871 1176 954; baseline 0.001 -18"><span class='ocrx_word' id='word_1_23' title='bbox 170 872 219 938; x_wconf 86' lang='lat' dir='ltr'>ad</span> <span class='ocrx_word' id='word_1_24' title='bbox 241 871 405 938; x_wconf 92' lang='lat' dir='ltr'>neminem</span> <span class='ocrx_word' id='word_1_25' title='bbox 428 873 470 940; x_wconf 89' lang='lat' dir='ltr'>ab</span> <span class='ocrx_word' id='word_1_26' title='bbox 490 892 529 940; x_wconf 91' lang='lat' dir='ltr'>ea</span> <span class='ocrx_word' id='word_1_27' title='bbox 550 872 667 938; x_wconf 86' lang='lat' dir='ltr'>referri</span> <span class='ocrx_word' id='word_1_28' title='bbox 688 872 849 954; x_wconf 86' lang='lat' dir='ltr'>postuisse</span> <span class='ocrx_word' id='word_1_29' title='bbox 871 872 932 938; x_wconf 92' lang='lat' dir='ltr'>nisi</span> <span class='ocrx_word' id='word_1_30' title='bbox 953 872 995 939; x_wconf 91' lang='lat' dir='ltr'>ad</span> <span class='ocrx_word' id='word_1_31' title='bbox 1018 873 1176 939; x_wconf 80' lang='lat' dir='ltr'>Orestem.</span> 
     </span>
    </p>

    <p class='ocr_par' dir='ltr' id='par_1_3' title="bbox 174 979 1347 1926">
     <span class='ocr_line' id='line_1_6' title="bbox 285 979 1343 1064; baseline -0.001 -20"><span class='ocrx_word' id='word_1_32' title='bbox 285 979 414 1048; x_wconf 82' lang='lat' dir='ltr'>Deinde</span> <span class='ocrx_word' id='word_1_33' title='bbox 425 980 602 1063; x_wconf 70' lang='lat' dir='ltr'>Euripidis</span> <span class='ocrx_word' id='word_1_34' title='bbox 626 999 696 1047; x_wconf 86' lang='lat' dir='ltr'>cum</span> <span class='ocrx_word' id='word_1_35' title='bbox 710 980 914 1064; x_wconf 85' lang='lat' dir='ltr'>Iphigeniam</span> <span class='ocrx_word' id='word_1_36' title='bbox 932 980 1066 1046; x_wconf 83' lang='lat' dir='ltr'>insciam</span> <span class='ocrx_word' id='word_1_37' title='bbox 1086 980 1343 1064; x_wconf 87' lang='lat' dir='ltr'>consangiuneos</span> 
     </span>
     <span class='ocr_line' id='line_1_7' title="bbox 177 1086 1344 1170; baseline -0.001 -19"><span class='ocrx_word' id='word_1_38' title='bbox 177 1086 389 1153; x_wconf 87' lang='lat' dir='ltr'>occidentem</span> <span class='ocrx_word' id='word_1_39' title='bbox 411 1089 520 1155; x_wconf 86' lang='lat' dir='ltr'>facere</span> <span class='ocrx_word' id='word_1_40' title='bbox 543 1087 656 1170; x_wconf 87' lang='lat' dir='ltr'>vellet,</span> <span class='ocrx_word' id='word_1_41' title='bbox 681 1088 818 1154; x_wconf 90' lang='lat' dir='ltr'>multum</span> <span class='ocrx_word' id='word_1_42' title='bbox 840 1088 1028 1154; x_wconf 80' lang='lat' dir='ltr'>interfuisse</span> <span class='ocrx_word' id='word_1_43' title='bbox 1051 1088 1178 1170; x_wconf 79' lang='lat' dir='ltr'>ddcunt,</span> <span class='ocrx_word' id='word_1_44' title='bbox 1201 1106 1242 1153; x_wconf 91' lang='lat' dir='ltr'>ne</span> <span class='ocrx_word' id='word_1_45' title='bbox 1259 1087 1344 1152; x_wconf 82' lang='lat' dir='ltr'>forte</span> 
     </span>
     <span class='ocr_line' id='line_1_8' title="bbox 174 1194 1344 1292; baseline -0.001 -32"><span class='ocrx_word' id='word_1_46' title='bbox 174 1194 352 1260; x_wconf 85' lang='lat' dir='ltr'>auditores</span> <span class='ocrx_word' id='word_1_47' title='bbox 371 1196 599 1279; x_wconf 86' lang='lat' dir='ltr'>opinarentur,</span> <span class='ocrx_word' id='word_1_48' title='bbox 620 1196 757 1292; x_wconf 77' lang='lat' dir='ltr'>Pyladis</span> <span class='ocrx_word' id='word_1_49' title='bbox 778 1196 906 1263; x_wconf 84' lang='lat' dir='ltr'>nomIne</span> <span class='ocrx_word' id='word_1_50' title='bbox 934 1196 1045 1262; x_wconf 86' lang='lat' dir='ltr'>audito</span> <span class='ocrx_word' id='word_1_51' title='bbox 1068 1196 1181 1262; x_wconf 89' lang='lat' dir='ltr'>statim</span> <span class='ocrx_word' id='word_1_52' title='bbox 1210 1215 1230 1261; x_wconf 89' lang='lat' dir='ltr'>a</span> <span class='ocrx_word' id='word_1_53' title='bbox 1258 1194 1344 1276; x_wconf 87' lang='lat' dir='ltr'>priu-</span> 
     </span>
     <span class='ocr_line' id='line_1_9' title="bbox 177 1299 1345 1388; baseline -0.003 -19"><span class='ocrx_word' id='word_1_54' title='bbox 177 1304 266 1386; x_wconf 93' lang='lat' dir='ltr'>cipio</span> <span class='ocrx_word' id='word_1_55' title='bbox 290 1309 335 1388; x_wconf 91' lang='lat' dir='ltr'>(v.</span> <span class='ocrx_word' id='word_1_56' title='bbox 359 1309 433 1388; x_wconf 81' lang='grc'>949)</span> <span class='ocrx_word' id='word_1_57' title='bbox 456 1324 528 1370; x_wconf 90' lang='lat' dir='ltr'>eam</span> <span class='ocrx_word' id='word_1_58' title='bbox 549 1305 769 1387; x_wconf 84' lang='lat' dir='ltr'>perspexisse,</span> <span class='ocrx_word' id='word_1_59' title='bbox 803 1305 858 1386; x_wconf 93' lang='lat' dir='ltr'>qui</span> <span class='ocrx_word' id='word_1_60' title='bbox 888 1308 999 1370; x_wconf 90' lang='lat' dir='ltr'>essent</span> <span class='ocrx_word' id='word_1_61' title='bbox 1020 1303 1183 1387; x_wconf 86' lang='lat' dir='ltr'>peregrini</span> <span class='ocrx_word' id='word_1_62' title='bbox 1205 1303 1260 1370; x_wconf 86' lang='lat' dir='ltr'>vel</span> <span class='ocrx_word' id='word_1_63' title='bbox 1290 1299 1345 1382; x_wconf 90' lang='lat' dir='ltr'>qui</span> 
     </span>
     <span class='ocr_line' id='line_1_10' title="bbox 178 1408 1345 1499; baseline -0.003 -23"><span class='ocrx_word' id='word_1_64' title='bbox 178 1431 255 1477; x_wconf 86' lang='lat' dir='ltr'>esse</span> <span class='ocrx_word' id='word_1_65' title='bbox 285 1416 428 1492; x_wconf 91' lang='lat' dir='ltr'>possent.</span> <span class='ocrx_word' id='word_1_66' title='bbox 474 1413 542 1499; x_wconf 88' lang='lat' dir='ltr'>(Ita</span> <span class='ocrx_word' id='word_1_67' title='bbox 565 1412 733 1492; x_wconf 77' lang='lat' dir='ltr'>Klotqus3</span> <span class='ocrx_word' id='word_1_68' title='bbox 765 1412 976 1493; x_wconf 90' lang='lat' dir='ltr'>similiterque</span> <span class='ocrx_word' id='word_1_69' title='bbox 1001 1411 1246 1497; x_wconf 89' lang='lat' dir='ltr'>Weckleinius).</span> <span class='ocrx_word' id='word_1_70' title='bbox 1280 1408 1345 1475; x_wconf 87' lang='lat' dir='ltr'>Sed</span> 
     </span>
     <span class='ocr_line' id='line_1_11' title="bbox 179 1519 1346 1603; baseline -0.002 -19"><span class='ocrx_word' id='word_1_71' title='bbox 179 1537 223 1584; x_wconf 89' lang='lat' dir='ltr'>ne</span> <span class='ocrx_word' id='word_1_72' title='bbox 248 1521 312 1584; x_wconf 91' lang='lat' dir='ltr'>hoc</span> <span class='ocrx_word' id='word_1_73' title='bbox 329 1519 456 1599; x_wconf 88' lang='lat' dir='ltr'>quidem</span> <span class='ocrx_word' id='word_1_74' title='bbox 475 1525 703 1603; x_wconf 84' lang='lat' dir='ltr'>argumentum</span> <span class='ocrx_word' id='word_1_75' title='bbox 724 1539 875 1603; x_wconf 88' lang='lat' dir='ltr'>magnam</span> <span class='ocrx_word' id='word_1_76' title='bbox 899 1519 964 1588; x_wconf 90' lang='lat' dir='ltr'>vim</span> <span class='ocrx_word' id='word_1_77' title='bbox 986 1519 1202 1602; x_wconf 87' lang='lat' dir='ltr'>persuadendi</span> <span class='ocrx_word' id='word_1_78' title='bbox 1225 1519 1346 1584; x_wconf 84' lang='lat' dir='ltr'>habere</span> 
     </span>
     <span class='ocr_line' id='line_1_12' title="bbox 180 1626 1345 1712; baseline -0.003 -19"><span class='ocrx_word' id='word_1_79' title='bbox 180 1627 263 1693; x_wconf 90' lang='lat' dir='ltr'>mihi</span> <span class='ocrx_word' id='word_1_80' title='bbox 288 1626 430 1695; x_wconf 82' lang='lat' dir='ltr'>videtur.</span> <span class='ocrx_word' id='word_1_81' title='bbox 475 1627 558 1694; x_wconf 89' lang='lat' dir='ltr'>Nam</span> <span class='ocrx_word' id='word_1_82' title='bbox 582 1647 623 1694; x_wconf 85' lang='lat' dir='ltr'>ex</span> <span class='ocrx_word' id='word_1_83' title='bbox 646 1629 792 1694; x_wconf 91' lang='lat' dir='ltr'>omnibus</span> <span class='ocrx_word' id='word_1_84' title='bbox 819 1627 869 1709; x_wconf 80' lang='lat' dir='ltr'>iia,</span> <span class='ocrx_word' id='word_1_85' title='bbox 892 1645 974 1708; x_wconf 88' lang='lat' dir='ltr'>quae</span> <span class='ocrx_word' id='word_1_86' title='bbox 996 1626 1168 1712; x_wconf 86' lang='lat' dir='ltr'>Iphigenia</span> <span class='ocrx_word' id='word_1_87' title='bbox 1190 1629 1264 1708; x_wconf 88' lang='lat' dir='ltr'>post</span> <span class='ocrx_word' id='word_1_88' title='bbox 1290 1641 1345 1689; x_wconf 89' lang='lat' dir='ltr'>an·</span> 
     </span>
     <span class='ocr_line' id='line_1_13' title="bbox 180 1733 1346 1826; baseline -0.006 -23"><span class='ocrx_word' id='word_1_89' title='bbox 180 1737 288 1803; x_wconf 91' lang='lat' dir='ltr'>ditum</span> <span class='ocrx_word' id='word_1_90' title='bbox 324 1735 458 1818; x_wconf 88' lang='lat' dir='ltr'>Pyladis</span> <span class='ocrx_word' id='word_1_91' title='bbox 481 1755 596 1802; x_wconf 91' lang='lat' dir='ltr'>nomen</span> <span class='ocrx_word' id='word_1_92' title='bbox 622 1737 656 1802; x_wconf 94' lang='lat' dir='ltr'>in</span> <span class='ocrx_word' id='word_1_93' title='bbox 686 1736 798 1802; x_wconf 87' lang='lat' dir='ltr'>fabula</span> <span class='ocrx_word' id='word_1_94' title='bbox 820 1740 934 1826; x_wconf 89' lang='lat' dir='ltr'>nostra</span> <span class='ocrx_word' id='word_1_95' title='bbox 957 1735 1108 1816; x_wconf 87' lang='lat' dir='ltr'>loquitur,</span> <span class='ocrx_word' id='word_1_96' title='bbox 1136 1733 1218 1800; x_wconf 89' lang='lat' dir='ltr'>satis</span> <span class='ocrx_word' id='word_1_97' title='bbox 1236 1750 1346 1814; x_wconf 90' lang='lat' dir='ltr'>snper·</span> 
     </span>
     <span class='ocr_line' id='line_1_14' title="bbox 182 1840 1347 1926; baseline -0.005 -17"><span class='ocrx_word' id='word_1_98' title='bbox 182 1863 248 1926; x_wconf 90' lang='lat' dir='ltr'>qne</span> <span class='ocrx_word' id='word_1_99' title='bbox 271 1847 428 1926; x_wconf 86' lang='lat' dir='ltr'>apparet,</span> <span class='ocrx_word' id='word_1_100' title='bbox 459 1844 531 1924; x_wconf 91' lang='lat' dir='ltr'>quis</span> <span class='ocrx_word' id='word_1_101' title='bbox 554 1845 598 1910; x_wconf 90' lang='lat' dir='ltr'>sit</span> <span class='ocrx_word' id='word_1_102' title='bbox 621 1843 764 1926; x_wconf 89' lang='lat' dir='ltr'>Pylades</span> <span class='ocrx_word' id='word_1_103' title='bbox 784 1862 917 1925; x_wconf 91' lang='lat' dir='ltr'>prorsus</span> <span class='ocrx_word' id='word_1_104' title='bbox 939 1862 1010 1909; x_wconf 91' lang='lat' dir='ltr'>eam</span> <span class='ocrx_word' id='word_1_105' title='bbox 1033 1843 1201 1925; x_wconf 90' lang='lat' dir='ltr'>ignorare:</span> <span class='ocrx_word' id='word_1_106' title='bbox 1228 1840 1347 1918; x_wconf 87' lang='lat' dir='ltr'>Itaque</span> 
     </span>
    </p>
   </div>
   <div class='ocr_carea' id='block_1_3' title="bbox 182 1947 1349 2467">
    <p class='ocr_par' dir='ltr' id='par_1_4' title="bbox 182 1947 1347 2250">
     <span class='ocr_line' id='line_1_15' title="bbox 182 1947 1346 2034; baseline -0.005 -16"><span class='ocrx_word' id='word_1_107' title='bbox 182 1955 392 2034; x_wconf 80' lang='lat' dir='ltr'>spectatores</span> <span class='ocrx_word' id='word_1_108' title='bbox 424 1951 606 2034; x_wconf 89' lang='lat' dir='ltr'>opinionem</span> <span class='ocrx_word' id='word_1_109' title='bbox 639 1951 748 2034; x_wconf 89' lang='lat' dir='ltr'>illam,</span> <span class='ocrx_word' id='word_1_110' title='bbox 784 1951 812 2017; x_wconf 89' lang='lat' dir='ltr'>si</span> <span class='ocrx_word' id='word_1_111' title='bbox 844 1952 937 2018; x_wconf 91' lang='lat' dir='ltr'>modo</span> <span class='ocrx_word' id='word_1_112' title='bbox 966 1955 1200 2032; x_wconf 86' lang='lat' dir='ltr'>conceperunt,</span> <span class='ocrx_word' id='word_1_113' title='bbox 1233 1947 1346 2013; x_wconf 89' lang='lat' dir='ltr'>statim</span> 
     </span>
     <span class='ocr_line' id='line_1_16' title="bbox 182 2056 1347 2142; baseline -0.004 -16"><span class='ocrx_word' id='word_1_114' title='bbox 182 2060 318 2127; x_wconf 92' lang='lat' dir='ltr'>abicere</span> <span class='ocrx_word' id='word_1_115' title='bbox 341 2059 509 2126; x_wconf 88' lang='lat' dir='ltr'>deberunt.</span> <span class='ocrx_word' id='word_1_116' title='bbox 556 2061 695 2126; x_wconf 88' lang='lat' dir='ltr'>Causam</span> <span class='ocrx_word' id='word_1_117' title='bbox 717 2078 804 2142; x_wconf 83' lang='lat' dir='ltr'>vero,</span> <span class='ocrx_word' id='word_1_118' title='bbox 828 2077 886 2124; x_wconf 92' lang='lat' dir='ltr'>cur</span> <span class='ocrx_word' id='word_1_119' title='bbox 905 2058 1041 2142; x_wconf 86' lang='lat' dir='ltr'>Pyladis</span> <span class='ocrx_word' id='word_1_120' title='bbox 1063 2076 1179 2124; x_wconf 91' lang='lat' dir='ltr'>nomen</span> <span class='ocrx_word' id='word_1_121' title='bbox 1201 2056 1347 2142; x_wconf 88' lang='lat' dir='ltr'>ignotum</span> 
     </span>
     <span class='ocr_line' id='line_1_17' title="bbox 182 2141 1242 2250; baseline -0.004 -16"><span class='ocrx_word' id='word_1_122' title='bbox 182 2167 290 2234; x_wconf 83' lang='lat' dir='ltr'>inerit</span> <span class='ocrx_word' id='word_1_123' title='bbox 311 2166 512 2250; x_wconf 87' lang='lat' dir='ltr'>Iphigeniae,</span> <span class='ocrx_word' id='word_1_124' title='bbox 536 2172 634 2250; x_wconf 90' lang='lat' dir='ltr'>poeta</span> <span class='ocrx_word' id='word_1_125' title='bbox 653 2186 701 2232; x_wconf 90' lang='lat' dir='ltr'>vs.</span> <span class='ocrx_word' id='word_1_126' title='bbox 726 2173 789 2233; x_wconf 81' lang='lat'>920</span> <span class='ocrx_word' id='word_1_127' title='bbox 813 2186 859 2248; x_wconf 92' lang='lat' dir='ltr'>sq.</span> <span class='ocrx_word' id='word_1_128' title='bbox 883 2167 1086 2250; x_wconf 83' lang='lat' dir='ltr'>perspicuam</span> <span class='ocrx_word' id='word_1_129' title='bbox 1106 2141 1242 2232; x_wconf 69' lang='lat' dir='ltr'>reddit‘</span> 
     </span>
    </p>

    <p class='ocr_par' dir='ltr' id='par_1_5' title="bbox 183 2274 1349 2467">
     <span class='ocr_line' id='line_1_18' title="bbox 292 2274 1349 2358; baseline -0.004 -18"><span class='ocrx_word' id='word_1_130' title='bbox 292 2274 328 2340; x_wconf 92' lang='lat' dir='ltr'>Si</span> <span class='ocrx_word' id='word_1_131' title='bbox 342 2275 413 2354; x_wconf 90' lang='lat' dir='ltr'>quis</span> <span class='ocrx_word' id='word_1_132' title='bbox 427 2280 538 2341; x_wconf 90' lang='lat' dir='ltr'>autem</span> <span class='ocrx_word' id='word_1_133' title='bbox 557 2276 656 2357; x_wconf 90' lang='lat' dir='ltr'>dicat,</span> <span class='ocrx_word' id='word_1_134' title='bbox 670 2274 868 2358; x_wconf 85' lang='lat' dir='ltr'>Euripidem,</span> <span class='ocrx_word' id='word_1_135' title='bbox 892 2275 1046 2357; x_wconf 88' lang='lat' dir='ltr'>quidquid</span> <span class='ocrx_word' id='word_1_136' title='bbox 1062 2275 1095 2340; x_wconf 91' lang='lat' dir='ltr'>in</span> <span class='ocrx_word' id='word_1_137' title='bbox 1114 2274 1243 2354; x_wconf 82' lang='lat' dir='ltr'>fabulis,</span> <span class='ocrx_word' id='word_1_138' title='bbox 1265 2290 1349 2352; x_wconf 88' lang='lat' dir='ltr'>quae</span> 
     </span>
     <span class='ocr_line' id='line_1_19' title="bbox 183 2380 1349 2467; baseline -0.004 -19"><span class='ocrx_word' id='word_1_139' title='bbox 183 2384 287 2465; x_wconf 90' lang='lat' dir='ltr'>vulgo</span> <span class='ocrx_word' id='word_1_140' title='bbox 300 2383 502 2466; x_wconf 86' lang='lat' dir='ltr'>ferebantur,</span> <span class='ocrx_word' id='word_1_141' title='bbox 524 2383 712 2466; x_wconf 89' lang='lat' dir='ltr'>mutaverit,</span> <span class='ocrx_word' id='word_1_142' title='bbox 727 2383 929 2467; x_wconf 86' lang='lat' dir='ltr'>significasse</span> <span class='ocrx_word' id='word_1_143' title='bbox 938 2383 971 2449; x_wconf 94' lang='lat' dir='ltr'>in</span> <span class='ocrx_word' id='word_1_144' title='bbox 983 2383 1126 2467; x_wconf 86' lang='lat' dir='ltr'>prologis</span> <span class='ocrx_word' id='word_1_145' title='bbox 1139 2381 1189 2466; x_wconf 86' lang='lat' dir='ltr'>(cf.</span> <span class='ocrx_word' id='word_1_146' title='bbox 1204 2381 1297 2461; x_wconf 87' lang='lat' dir='ltr'>Voss,</span> <span class='ocrx_word' id='word_1_147' title='bbox 1308 2380 1349 2444; x_wconf 91' lang='lat' dir='ltr'>de</span> 
     </span>
    </p>
   </div>
   <div class='ocr_carea' id='block_1_4' title="bbox 183 2491 1353 4523">
    <p class='ocr_par' dir='ltr' id='par_1_6' title="bbox 183 2491 1353 3764">
     <span class='ocr_line' id='line_1_20' title="bbox 183 2491 1348 2576; baseline -0.003 -20"><span class='ocrx_word' id='word_1_148' title='bbox 183 2491 332 2574; x_wconf 88' lang='lat' dir='ltr'>prologis</span> <span class='ocrx_word' id='word_1_149' title='bbox 347 2491 543 2576; x_wconf 81' lang='lat' dir='ltr'>EuripideIs,</span> <span class='ocrx_word' id='word_1_150' title='bbox 559 2512 666 2576; x_wconf 92' lang='lat' dir='ltr'>progr.</span> <span class='ocrx_word' id='word_1_151' title='bbox 682 2493 814 2558; x_wconf 90' lang='lat' dir='ltr'>scholae</span> <span class='ocrx_word' id='word_1_152' title='bbox 827 2492 978 2574; x_wconf 86' lang='lat' dir='ltr'>Latinae,</span> <span class='ocrx_word' id='word_1_153' title='bbox 995 2491 1070 2558; x_wconf 89' lang='lat' dir='ltr'>Hal.</span> <span class='ocrx_word' id='word_1_154' title='bbox 1087 2497 1168 2557; x_wconf 83' lang='grc'><strong>1873</strong></span> <span class='ocrx_word' id='word_1_155' title='bbox 1184 2511 1215 2573; x_wconf 94' lang='lat' dir='ltr'>p.</span> <span class='ocrx_word' id='word_1_156' title='bbox 1228 2495 1265 2554; x_wconf 84' lang='lat'>16</span> <span class='ocrx_word' id='word_1_157' title='bbox 1279 2491 1348 2570; x_wconf 85' lang='lat' dir='ltr'>sq),</span> 
     </span>
     <span class='ocr_line' id='line_1_21' title="bbox 184 2597 1350 2683; baseline -0.005 -17"><span class='ocrx_word' id='word_1_158' title='bbox 184 2601 610 2683; x_wconf 90' lang='lat' dir='ltr'>hocargumentumaltero,</span> <span class='ocrx_word' id='word_1_159' title='bbox 627 2603 679 2666; x_wconf 89' lang='lat' dir='ltr'>cui</span> <span class='ocrx_word' id='word_1_160' title='bbox 686 2619 750 2668; x_wconf 94' lang='lat' dir='ltr'>non</span> <span class='ocrx_word' id='word_1_161' title='bbox 758 2603 864 2666; x_wconf 91' lang='lat' dir='ltr'>mlnus</span> <span class='ocrx_word' id='word_1_162' title='bbox 878 2601 953 2666; x_wconf 87' lang='lat' dir='ltr'>fidei</span> <span class='ocrx_word' id='word_1_163' title='bbox 962 2605 1013 2666; x_wconf 91' lang='lat' dir='ltr'>est</span> <span class='ocrx_word' id='word_1_164' title='bbox 1029 2599 1245 2680; x_wconf 88' lang='lat' dir='ltr'>tribuendum,</span> <span class='ocrx_word' id='word_1_165' title='bbox 1265 2597 1350 2662; x_wconf 85' lang='lat' dir='ltr'>refu-</span> 
     </span>
     <span class='ocr_line' id='line_1_22' title="bbox 185 2706 1350 2789; baseline -0.005 -16"><span class='ocrx_word' id='word_1_166' title='bbox 185 2713 291 2773; x_wconf 88' lang='lat' dir='ltr'>tatur.</span> <span class='ocrx_word' id='word_1_167' title='bbox 325 2707 471 2788; x_wconf 89' lang='lat' dir='ltr'>Namque</span> <span class='ocrx_word' id='word_1_168' title='bbox 490 2717 598 2789; x_wconf 87' lang='lat' dir='ltr'>poeta,</span> <span class='ocrx_word' id='word_1_169' title='bbox 622 2712 660 2773; x_wconf 92' lang='lat' dir='ltr'>nt</span> <span class='ocrx_word' id='word_1_170' title='bbox 681 2707 893 2788; x_wconf 88' lang='lat' dir='ltr'>auditoribus,</span> <span class='ocrx_word' id='word_1_171' title='bbox 913 2706 968 2788; x_wconf 91' lang='lat' dir='ltr'>qui</span> <span class='ocrx_word' id='word_1_172' title='bbox 986 2707 1056 2772; x_wconf 91' lang='lat' dir='ltr'>eius</span> <span class='ocrx_word' id='word_1_173' title='bbox 1070 2711 1183 2772; x_wconf 87' lang='lat' dir='ltr'>aetate</span> <span class='ocrx_word' id='word_1_174' title='bbox 1198 2722 1350 2786; x_wconf 87' lang='lat' dir='ltr'>magnam</span> 
     </span>
     <span class='ocr_line' id='line_1_23' title="bbox 185 2811 1350 2899; baseline -0.004 -18"><span class='ocrx_word' id='word_1_175' title='bbox 185 2821 318 2898; x_wconf 90' lang='lat' dir='ltr'>partem</span> <span class='ocrx_word' id='word_1_176' title='bbox 337 2833 378 2880; x_wconf 86' lang='lat' dir='ltr'>ex</span> <span class='ocrx_word' id='word_1_177' title='bbox 400 2816 494 2897; x_wconf 91' lang='lat' dir='ltr'>plebe</span> <span class='ocrx_word' id='word_1_178' title='bbox 517 2817 581 2883; x_wconf 94' lang='lat' dir='ltr'>orti</span> <span class='ocrx_word' id='word_1_179' title='bbox 604 2816 707 2880; x_wconf 89' lang='lat' dir='ltr'>multa</span> <span class='ocrx_word' id='word_1_180' title='bbox 722 2815 931 2899; x_wconf 88' lang='lat' dir='ltr'>ignorabant,</span> <span class='ocrx_word' id='word_1_181' title='bbox 954 2815 1084 2881; x_wconf 85' lang='lat' dir='ltr'>fabulas</span> <span class='ocrx_word' id='word_1_182' title='bbox 1100 2832 1196 2895; x_wconf 92' lang='lat' dir='ltr'>quam</span> <span class='ocrx_word' id='word_1_183' title='bbox 1211 2811 1350 2878; x_wconf 87' lang='lat' dir='ltr'>maxime</span> 
     </span>
     <span class='ocr_line' id='line_1_24' title="bbox 186 2920 1351 3006; baseline 0 -22"><span class='ocrx_word' id='word_1_184' title='bbox 186 2925 346 3006; x_wconf 87' lang='lat' dir='ltr'>probaret</span> <span class='ocrx_word' id='word_1_185' title='bbox 358 2943 530 3004; x_wconf 88' lang='lat' dir='ltr'>eorumque</span> <span class='ocrx_word' id='word_1_186' title='bbox 551 2925 675 2990; x_wconf 87' lang='lat' dir='ltr'>animos</span> <span class='ocrx_word' id='word_1_187' title='bbox 698 2924 759 2989; x_wconf 92' lang='lat' dir='ltr'>sibi</span> <span class='ocrx_word' id='word_1_188' title='bbox 777 2925 979 3006; x_wconf 81' lang='lat' dir='ltr'>cancillaret,</span> <span class='ocrx_word' id='word_1_189' title='bbox 1003 2923 1036 2988; x_wconf 93' lang='lat' dir='ltr'>in</span> <span class='ocrx_word' id='word_1_190' title='bbox 1050 2923 1193 3005; x_wconf 78' lang='lat' dir='ltr'>prologiS</span> <span class='ocrx_word' id='word_1_191' title='bbox 1209 2920 1351 3003; x_wconf 81' lang='lat' dir='ltr'>origInes</span> 
     </span>
     <span class='ocr_line' id='line_1_25' title="bbox 187 3030 1350 3116; baseline -0.003 -21"><span class='ocrx_word' id='word_1_192' title='bbox 187 3037 225 3096; x_wconf 88' lang='lat' dir='ltr'>et</span> <span class='ocrx_word' id='word_1_193' title='bbox 259 3031 333 3095; x_wconf 85' lang='lat' dir='ltr'>fate</span> <span class='ocrx_word' id='word_1_194' title='bbox 366 3031 562 3113; x_wconf 86' lang='lat' dir='ltr'>sIngulornm</span> <span class='ocrx_word' id='word_1_195' title='bbox 598 3049 769 3116; x_wconf 91' lang='lat' dir='ltr'>generum,</span> <span class='ocrx_word' id='word_1_196' title='bbox 804 3033 919 3112; x_wconf 90' lang='lat' dir='ltr'>quibus</span> <span class='ocrx_word' id='word_1_197' title='bbox 947 3030 1110 3112; x_wconf 91' lang='lat' dir='ltr'>principes</span> <span class='ocrx_word' id='word_1_198' title='bbox 1142 3047 1350 3111; x_wconf 88' lang='lat' dir='ltr'>personarum</span> 
     </span>
     <span class='ocr_line' id='line_1_26' title="bbox 188 3136 1352 3220; baseline -0.004 -16"><span class='ocrx_word' id='word_1_199' title='bbox 188 3137 263 3204; x_wconf 90' lang='lat' dir='ltr'>nati</span> <span class='ocrx_word' id='word_1_200' title='bbox 285 3143 390 3219; x_wconf 90' lang='lat' dir='ltr'>erant,</span> <span class='ocrx_word' id='word_1_201' title='bbox 414 3139 626 3206; x_wconf 84' lang='lat' dir='ltr'>enumeravit.</span> <span class='ocrx_word' id='word_1_202' title='bbox 671 3138 788 3220; x_wconf 89' lang='lat' dir='ltr'>Itaque</span> <span class='ocrx_word' id='word_1_203' title='bbox 813 3139 911 3204; x_wconf 88' lang='lat' dir='ltr'>etiam</span> <span class='ocrx_word' id='word_1_204' title='bbox 934 3139 968 3204; x_wconf 92' lang='lat' dir='ltr'>in</span> <span class='ocrx_word' id='word_1_205' title='bbox 988 3138 1048 3204; x_wconf 92' lang='lat' dir='ltr'>hoc</span> <span class='ocrx_word' id='word_1_206' title='bbox 1068 3138 1200 3220; x_wconf 86' lang='lat' dir='ltr'>prologo</span> <span class='ocrx_word' id='word_1_207' title='bbox 1222 3136 1352 3218; x_wconf 91' lang='lat' dir='ltr'>Pelopis</span> 
     </span>
     <span class='ocr_line' id='line_1_27' title="bbox 188 3244 1352 3328; baseline -0.002 -18"><span class='ocrx_word' id='word_1_208' title='bbox 188 3244 378 3328; x_wconf 91' lang='lat' dir='ltr'>progeniem</span> <span class='ocrx_word' id='word_1_209' title='bbox 401 3252 559 3312; x_wconf 86' lang='lat' dir='ltr'>recenset.</span> <span class='ocrx_word' id='word_1_210' title='bbox 605 3244 669 3310; x_wconf 85' lang='lat' dir='ltr'>Sed</span> <span class='ocrx_word' id='word_1_211' title='bbox 700 3267 765 3327; x_wconf 90' lang='lat' dir='ltr'>qua</span> <span class='ocrx_word' id='word_1_212' title='bbox 782 3247 948 3313; x_wconf 81' lang='lat' dir='ltr'>affinitate</span> <span class='ocrx_word' id='word_1_213' title='bbox 973 3246 1143 3328; x_wconf 86' lang='lat' dir='ltr'>Strophius</span> <span class='ocrx_word' id='word_1_214' title='bbox 1169 3264 1238 3310; x_wconf 90' lang='lat' dir='ltr'>cum</span> <span class='ocrx_word' id='word_1_215' title='bbox 1264 3245 1352 3327; x_wconf 70' lang='lat' dir='ltr'>Aga·</span> 
     </span>
     <span class='ocr_line' id='line_1_28' title="bbox 188 3351 1353 3437; baseline -0.003 -17"><span class='ocrx_word' id='word_1_216' title='bbox 188 3353 371 3420; x_wconf 91' lang='lat' dir='ltr'>memnonis</span> <span class='ocrx_word' id='word_1_217' title='bbox 393 3354 494 3436; x_wconf 88' lang='lat' dir='ltr'>stirpe</span> <span class='ocrx_word' id='word_1_218' title='bbox 517 3355 709 3421; x_wconf 87' lang='lat' dir='ltr'>coniunctus</span> <span class='ocrx_word' id='word_1_219' title='bbox 731 3354 791 3436; x_wconf 92' lang='lat' dir='ltr'>sit,</span> <span class='ocrx_word' id='word_1_220' title='bbox 819 3375 882 3422; x_wconf 92' lang='lat' dir='ltr'>non</span> <span class='ocrx_word' id='word_1_221' title='bbox 910 3355 1018 3421; x_wconf 85' lang='lat' dir='ltr'>affert.</span> <span class='ocrx_word' id='word_1_222' title='bbox 1064 3352 1222 3437; x_wconf 78' lang='lat' dir='ltr'>Quoniam</span> <span class='ocrx_word' id='word_1_223' title='bbox 1251 3351 1353 3436; x_wconf 88' lang='lat' dir='ltr'>igitur</span> 
     </span>
     <span class='ocr_line' id='line_1_29' title="bbox 188 3458 1353 3548; baseline -0.003 -20"><span class='ocrx_word' id='word_1_224' title='bbox 188 3464 277 3528; x_wconf 88' lang='lat' dir='ltr'>hanc</span> <span class='ocrx_word' id='word_1_225' title='bbox 300 3479 368 3526; x_wconf 91' lang='lat' dir='ltr'>rem</span> <span class='ocrx_word' id='word_1_226' title='bbox 389 3480 453 3527; x_wconf 94' lang='lat' dir='ltr'>non</span> <span class='ocrx_word' id='word_1_227' title='bbox 476 3463 525 3530; x_wconf 87' lang='lat' dir='ltr'>ita</span> <span class='ocrx_word' id='word_1_228' title='bbox 547 3469 585 3528; x_wconf 91' lang='lat' dir='ltr'>nt</span> <span class='ocrx_word' id='word_1_229' title='bbox 607 3463 691 3528; x_wconf 87' lang='lat' dir='ltr'>solet</span> <span class='ocrx_word' id='word_1_230' title='bbox 714 3463 777 3527; x_wconf 93' lang='lat' dir='ltr'>toti</span> <span class='ocrx_word' id='word_1_231' title='bbox 801 3464 937 3530; x_wconf 83' lang='lat' dir='ltr'>conexui</span> <span class='ocrx_word' id='word_1_232' title='bbox 960 3462 1085 3548; x_wconf 86' lang='lat' dir='ltr'>prologi</span> <span class='ocrx_word' id='word_1_233' title='bbox 1105 3458 1252 3542; x_wconf 88' lang='lat' dir='ltr'>insemit,</span> <span class='ocrx_word' id='word_1_234' title='bbox 1275 3460 1353 3526; x_wconf 91' lang='lat' dir='ltr'>mihi</span> 
     </span>
     <span class='ocr_line' id='line_1_30' title="bbox 189 3568 1353 3654; baseline -0.002 -18"><span class='ocrx_word' id='word_1_235' title='bbox 189 3588 320 3652; x_wconf 87' lang='lat' dir='ltr'>qnoque</span> <span class='ocrx_word' id='word_1_236' title='bbox 341 3575 492 3638; x_wconf 86' lang='lat' dir='ltr'>constare</span> <span class='ocrx_word' id='word_1_237' title='bbox 516 3571 656 3654; x_wconf 91' lang='lat' dir='ltr'>videtur,</span> <span class='ocrx_word' id='word_1_238' title='bbox 678 3587 792 3637; x_wconf 88' lang='lat' dir='ltr'>versus</span> <span class='ocrx_word' id='word_1_239' title='bbox 816 3577 856 3639; x_wconf 85' lang='lat'>59</span> <span class='ocrx_word' id='word_1_240' title='bbox 882 3590 928 3654; x_wconf 91' lang='lat' dir='ltr'>sp.</span> <span class='ocrx_word' id='word_1_241' title='bbox 951 3589 1014 3636; x_wconf 92' lang='lat' dir='ltr'>non</span> <span class='ocrx_word' id='word_1_242' title='bbox 1038 3571 1080 3636; x_wconf 90' lang='lat' dir='ltr'>ab</span> <span class='ocrx_word' id='word_1_243' title='bbox 1103 3568 1259 3650; x_wconf 85' lang='lat' dir='ltr'>Euripide</span> <span class='ocrx_word' id='word_1_244' title='bbox 1282 3587 1353 3634; x_wconf 88' lang='lat' dir='ltr'>esse</span> 
     </span>
     <span class='ocr_line' id='line_1_31' title="bbox 189 3677 366 3764; baseline -0.017 -17"><span class='ocrx_word' id='word_1_245' title='bbox 189 3677 366 3764; x_wconf 81' lang='lat' dir='ltr'>protectos.</span> 
     </span>
    </p>

    <p class='ocr_par' dir='ltr' id='par_1_7' title="bbox 188 3783 1353 4523">
     <span class='ocr_line' id='line_1_32' title="bbox 297 3783 1352 3870; baseline -0.001 -19"><span class='ocrx_word' id='word_1_246' title='bbox 297 3785 460 3870; x_wconf 86' lang='lat' dir='ltr'>Sequitur,</span> <span class='ocrx_word' id='word_1_247' title='bbox 487 3792 524 3852; x_wconf 91' lang='lat' dir='ltr'>nt</span> <span class='ocrx_word' id='word_1_248' title='bbox 547 3787 724 3870; x_wconf 69' lang='lat' dir='ltr'>videamus</span> <span class='ocrx_word' id='word_1_249' title='bbox 751 3787 827 3866; x_wconf 91' lang='lat' dir='ltr'>qnid</span> <span class='ocrx_word' id='word_1_250' title='bbox 857 3787 896 3852; x_wconf 91' lang='lat' dir='ltr'>de</span> <span class='ocrx_word' id='word_1_251' title='bbox 925 3803 1036 3852; x_wconf 88' lang='lat' dir='ltr'>earum</span> <span class='ocrx_word' id='word_1_252' title='bbox 1058 3783 1183 3867; x_wconf 86' lang='lat' dir='ltr'>origiue</span> <span class='ocrx_word' id='word_1_253' title='bbox 1205 3784 1250 3848; x_wconf 87' lang='lat' dir='ltr'>sit</span> <span class='ocrx_word' id='word_1_254' title='bbox 1271 3783 1352 3850; x_wconf 93' lang='lat' dir='ltr'>indi·</span> 
     </span>
     <span class='ocr_line' id='line_1_33' title="bbox 190 3893 1351 3980; baseline -0.005 -18"><span class='ocrx_word' id='word_1_255' title='bbox 190 3893 343 3962; x_wconf 89' lang='lat' dir='ltr'>candnm.</span> <span class='ocrx_word' id='word_1_256' title='bbox 366 3895 463 3962; x_wconf 89' lang='lat' dir='ltr'>Haud</span> <span class='ocrx_word' id='word_1_257' title='bbox 481 3896 791 3980; x_wconf 87' lang='lat' dir='ltr'>inepteKoechlyns</span> <span class='ocrx_word' id='word_1_258' title='bbox 804 3894 952 3977; x_wconf 84' lang='lat' dir='ltr'>conlecit,</span> <span class='ocrx_word' id='word_1_259' title='bbox 975 3911 1131 3959; x_wconf 88' lang='lat' dir='ltr'>summam</span> <span class='ocrx_word' id='word_1_260' title='bbox 1144 3909 1252 3958; x_wconf 91' lang='lat' dir='ltr'>eornm</span> <span class='ocrx_word' id='word_1_261' title='bbox 1274 3893 1351 3958; x_wconf 88' lang='lat' dir='ltr'>ban·</span> 
     </span>
     <span class='ocr_line' id='line_1_34' title="bbox 189 4003 1351 4084; baseline -0.007 -14"><span class='ocrx_word' id='word_1_262' title='bbox 189 4007 280 4070; x_wconf 87' lang='lat' dir='ltr'>stam</span> <span class='ocrx_word' id='word_1_263' title='bbox 302 4019 373 4068; x_wconf 90' lang='lat' dir='ltr'>esse</span> <span class='ocrx_word' id='word_1_264' title='bbox 395 4021 436 4070; x_wconf 85' lang='lat' dir='ltr'>ex</span> <span class='ocrx_word' id='word_1_265' title='bbox 456 4022 521 4070; x_wconf 77' lang='lat' dir='ltr'>vsa.</span> <span class='ocrx_word' id='word_1_266' title='bbox 543 4008 607 4070; x_wconf 88' lang='grc'>914</span> <span class='ocrx_word' id='word_1_267' title='bbox 627 4022 697 4084; x_wconf 89' lang='lat' dir='ltr'>sqq.</span> <span class='ocrx_word' id='word_1_268' title='bbox 715 4006 749 4068; x_wconf 92' lang='lat' dir='ltr'>et</span> <span class='ocrx_word' id='word_1_269' title='bbox 768 4019 898 4069; x_wconf 88' lang='lat' dir='ltr'>versum</span> <span class='ocrx_word' id='word_1_270' title='bbox 913 4007 954 4066; x_wconf 85' lang='lat'>60</span> <span class='ocrx_word' id='word_1_271' title='bbox 968 4003 1075 4066; x_wconf 90' lang='lat' dir='ltr'>ortum</span> <span class='ocrx_word' id='word_1_272' title='bbox 1094 4016 1207 4065; x_wconf 81' lang='lat' dir='ltr'>exvss</span> <span class='ocrx_word' id='word_1_273' title='bbox 1229 4003 1292 4064; x_wconf 81' lang='grc'>990</span> <span class='ocrx_word' id='word_1_274' title='bbox 1305 4015 1351 4077; x_wconf 93' lang='lat' dir='ltr'>sq.</span> 
     </span>
     <span class='ocr_line' id='line_1_35' title="bbox 190 4105 1353 4196; baseline -0.005 -20"><span class='ocrx_word' id='word_1_275' title='bbox 190 4110 443 4178; x_wconf 87' lang='lat' dir='ltr'>Substantivum</span> <span class='ocrx_word' id='word_1_276' title='bbox 465 4113 562 4196; x_wconf 71' lang='lat' dir='ltr'>placo</span> <span class='ocrx_word' id='word_1_277' title='bbox 584 4116 695 4178; x_wconf 86' lang='lat' dir='ltr'>autem</span> <span class='ocrx_word' id='word_1_278' title='bbox 714 4109 954 4193; x_wconf 85' lang='lat' dir='ltr'>significatione</span> <span class='ocrx_word' id='word_1_279' title='bbox 964 4107 1097 4192; x_wconf 83' lang='lat' dir='ltr'>cognati</span> <span class='ocrx_word' id='word_1_280' title='bbox 1109 4105 1162 4174; x_wconf 88' lang='lat' dir='ltr'>vel</span> <span class='ocrx_word' id='word_1_281' title='bbox 1184 4105 1353 4188; x_wconf 91' lang='lat' dir='ltr'>propinqui</span> 
     </span>
     <span class='ocr_line' id='line_1_36' title="bbox 190 4211 1352 4304; baseline -0.009 -16"><span class='ocrx_word' id='word_1_282' title='bbox 190 4219 359 4304; x_wconf 89' lang='lat' dir='ltr'>reperitur</span> <span class='ocrx_word' id='word_1_283' title='bbox 369 4219 497 4301; x_wconf 89' lang='lat' dir='ltr'>quidem</span> <span class='ocrx_word' id='word_1_284' title='bbox 505 4221 591 4304; x_wconf 82' lang='lat' dir='ltr'>apud</span> <span class='ocrx_word' id='word_1_285' title='bbox 599 4217 1046 4302; x_wconf 69' lang='lat' dir='ltr'>marmiren-Phocion:</span> <span class='ocrx_word' id='word_1_286' title='bbox 1059 4212 1106 4294; x_wconf 79' lang='grc' dir='ltr'>ὡς</span> <span class='ocrx_word' id='word_1_287' title='bbox 1117 4211 1226 4282; x_wconf 71' lang='grc' dir='ltr'><strong><em>δεινὸν</em></strong></span> <span class='ocrx_word' id='word_1_288' title='bbox 1236 4214 1352 4300; x_wconf 73' lang='grc' dir='ltr'><em>ἔχθρα,</em></span> 
     </span>
     <span class='ocr_line' id='line_1_37' title="bbox 188 4323 1351 4418; baseline -0.003 -24"><span class='ocrx_word' id='word_1_289' title='bbox 188 4331 307 4418; x_wconf 75' lang='grc' dir='ltr'><strong><em>μῆτερ,</em></strong></span> <span class='ocrx_word' id='word_1_290' title='bbox 332 4327 503 4396; x_wconf 78' lang='grc' dir='ltr'><em>οἰκείων</em></span> <span class='ocrx_word' id='word_1_291' title='bbox 525 4331 663 4412; x_wconf 74' lang='grc' dir='ltr'><strong><em>φίλων</em></strong></span> <span class='ocrx_word' id='word_1_292' title='bbox 691 4327 849 4409; x_wconf 83' lang='lat' dir='ltr'>(EteooIIs</span> <span class='ocrx_word' id='word_1_293' title='bbox 871 4333 907 4392; x_wconf 88' lang='lat' dir='ltr'>et</span> <span class='ocrx_word' id='word_1_294' title='bbox 928 4326 1123 4410; x_wconf 73' lang='lat' dir='ltr'>Polynicis),</span> <span class='ocrx_word' id='word_1_295' title='bbox 1148 4323 1256 4390; x_wconf 86' lang='lat' dir='ltr'>Orest.</span> <span class='ocrx_word' id='word_1_296' title='bbox 1275 4327 1351 4390; x_wconf 81' lang='lat'>740:</span> 
     </span>
     <span class='ocr_line' id='line_1_38' title="bbox 188 4431 1352 4523; baseline -0.01 -13"><span class='ocrx_word' id='word_1_297' title='bbox 188 4431 298 4516; x_wconf 82' lang='grc' dir='ltr'><strong><em>κακὸς</em></strong></span> <span class='ocrx_word' id='word_1_298' title='bbox 313 4435 506 4522; x_wconf 72' lang='lat' dir='ltr'>(Menelaus)</span> <span class='ocrx_word' id='word_1_299' title='bbox 523 4431 686 4523; x_wconf 77' lang='grc' dir='ltr'><em>ἐφωράθη</em></span> <span class='ocrx_word' id='word_1_300' title='bbox 709 4437 817 4518; x_wconf 76' lang='grc' dir='ltr'><strong><em>φίλοις</em></strong></span> <span class='ocrx_word' id='word_1_301' title='bbox 840 4435 964 4522; x_wconf 77' lang='lat' dir='ltr'>(Oresti</span> <span class='ocrx_word' id='word_1_302' title='bbox 980 4435 1178 4502; x_wconf 77' lang='lat' dir='ltr'>etldlectrae</span> <span class='ocrx_word' id='word_1_303' title='bbox 1200 4431 1240 4498; x_wconf 86' lang='lat' dir='ltr'>cl.</span> <span class='ocrx_word' id='word_1_304' title='bbox 1265 4435 1352 4516; x_wconf 74' lang='lat'>⁷36),</span> 
     </span>
    </p>
   </div>
   <div class='ocr_carea' id='block_1_5' title="bbox 0 0 1524 4902">
    <p class='ocr_par' dir='ltr' id='par_1_8' title="bbox 0 0 1524 4902">
     <span class='ocr_line' id='line_1_39' title="bbox 0 0 1524 4902; baseline 0 0"><span class='ocrx_word' id='word_1_305' title='bbox 0 0 1524 4902; x_wconf 95' lang='lat' dir='ltr'> </span> 
     </span>
    </p>
   </div>
  </div>
 </body>
</html>
