2994 4902
646 382 860 441 ..18-

175 548 264 610 totus
293 545 383 611 locus
410 545 486 612 inde
518 567 538 612 a
569 565 667 614 versu
703 554 742 612 95
774 565 875 627 usque
904 547 945 612 ad
973 564 1021 612 vs,
1059 552 1118 612 100
1157 546 1334 629 diligenter

175 652 422 720 examinabitur.

276 761 432 828 Nonnulli
443 781 507 829 non
523 766 614 828 recte
625 761 836 844 interpretati
852 767 929 829 sunt
944 761 1184 828 substantivum
1201 761 1332 846 τοίχοιο.

138 919 146 933 .
175 867 324 935 Handius
352 872 522 955 (Annotat.
552 870 585 936 in
608 870 755 952 Euripid.
778 871 884 954 lphig.
913 871 1010 936 Taur.
1033 872 1116 951 part.
1140 887 1204 934 sec.
1226 868 1333 934 Jenae

175 977 274 1064 1832)
296 983 331 1042 et
343 996 446 1060 nuper
456 973 844 1064 ΨοίΙίῖιεάμφίβῖηστρα
866 979 987 1063 τοίχων
1000 977 1200 1060 intellegunt
1214 994 1332 1059 muros,

174 1085 290 1164 quibus
311 1084 422 1152 fanum
445 1086 599 1167 saepitur.
641 1086 675 1151 Si
696 1088 778 1152 haec
799 1085 995 1170 significatio
1018 1088 1108 1150 recte
1131 1103 1166 1150 se
1184 1084 1332 1166 haberet,

173 1193 376 1259 scribendum
400 1193 510 1259 fuerat
534 1188 622 1279 ἀμφ.
639 1195 793 1279 τειχίσας
822 1206 926 1280 τεῖχος
947 1193 1032 1258 enirn
1060 1197 1111 1259 est
1132 1210 1241 1257 murus
1263 1191 1333 1257 sine

172 1305 276 1379 tecto;
297 1303 396 1388 τοίχῳ
414 1321 488 1370 vero
506 1307 629 1368 tectum
648 1303 832 1385 impositum
848 1307 909 1369 cst.
933 1296 1085 1388 δώματος
1109 1313 1218 1385 τοῖχος
1232 1300 1329 1365 Iliad.

172 1409 265 1492 XVI,
290 1415 361 1477 212.
385 1404 528 1496 μεγάρου
549 1421 659 1495 τοῖχος
679 1411 755 1477 ibid.
777 1410 905 1494 XVIII,
929 1415 1001 1477 374.
1026 1409 1143 1492 OdySS.
1162 1405 1255 1489 XIX,
1280 1413 1332 1471 37.

174 1517 276 1595 οἰκίας
301 1530 410 1602 τοῖχος
430 1518 517 1584 Plat.
547 1537 630 1600 resp.
654 1527 683 1601 9,
708 1539 738 1601 p.
763 1525 835 1586 574.
859 1520 893 1585 O.
916 1559 958 1569 -
978 1518 1105 1606 (Eurip.
1130 1517 1205 1583 Jon.
1230 1521 1333 1581 1158:

173 1637 278 1710 τοῖχοι
302 1625 446 1707 parietes
470 1625 625 1708 tentorii).
668 1626 750 1692 Inde
772 1631 928 1710 apparet,
959 1639 1075 1710 τοῖχον
1097 1642 1168 1690 esse
1191 1621 1334 1688 aedificii

174 1754 298 1801 murum
309 1735 362 1803 vel
375 1735 542 1818 parietem,
560 1753 637 1819 ergo
650 1730 878 1822 ἀμφίβληστρα
892 1737 1014 1821 τοίχοιο
1027 1733 1213 1818 siguificare
1226 1749 1335 1798 muros

173 1829 287 1910 aedis.
304 1843 398 1909 Hanc
414 1843 684 1927 significationem
699 1863 764 1910 non
776 1845 908 1911 difficile
928 1849 979 1909 est
1001 1843 1099 1909 etiam
1117 1841 1184 1908 alla
1204 1839 1335 1905 ratione

177 1953 394 2034 comprobare.
427 1952 558 2018 Etenim
581 1952 608 2018 si
630 1947 857 2039 ἀμφίβληστρα
878 1954 999 2036 τοίχων
1019 1951 1048 2016 ei
1061 1945 1334 2031 quosilli'putant

176 2059 259 2125 muri
296 2063 422 2141 essent,
460 2109 475 2142 „
488 2061 568 2125 haec
604 2064 720 2142 saepta
753 2060 809 2126 vix
844 2077 986 2141 unquam
1018 2062 1087 2123 tam
1118 2057 1189 2122 alta
1226 2059 1333 2137 erant,

177 2174 215 2233 ut
242 2167 389 2250 superari
419 2185 484 2233 non
512 2157 692 2250 possente
721 2168 844 2254 (Verba
866 2173 943 2234 sunt
966 2165 1004 2232 G.
1028 2163 1230 2250 Hermanni.)
1263 2165 1335 2230 Ara

178 2280 287 2342 autem
301 2279 396 2341 extra
406 2294 445 2342 ea
456 2294 527 2342 esse
543 2276 665 2356 nequit.
689 2275 790 2342 Porro
803 2275 978 2359 peregrini,
996 2273 1168 2357 praecipue
1179 2271 1335 2354 Pyladea,

178 2404 250 2451 earn
280 2384 466 2449 accuratius
496 2384 684 2450 describunt
710 2384 755 2469 (v.
780 2385 940 2470 12-75),
969 2383 1002 2448 id
1025 2383 1109 2464 quod
1135 2381 1247 2462 procul
1269 2379 1288 2448 i.
1305 2398 1335 2446 e.

180 2497 276 2559 extra
287 2496 403 2575 saepta
418 2498 508 2559 certe
522 2511 585 2558 non
606 2497 791 2574 potuerant.
824 2492 942 2573 Itaque
963 2495 1041 2557 ante
1055 2491 1158 2572 ipsun
1177 2489 1335 2570 ternplum

175 2607 266 2667 stare
288 2599 426 2683 putandi
446 2605 532 2666 sunt.
577 2600 741 2686 (Kvicala,
761 2587 920 2683 Beitrdge
941 2620 971 2682 p.
994 2603 1058 2664 214
1078 2600 1160 2679 sqq.)
1183 2635 1220 2644 --

281 2709 456 2774 Videamus
479 2728 580 2794 nunc,
607 2709 684 2789 quid
710 2710 751 2774 de
775 2709 883 2776 verbis
906 2701 1071 2792 δωμάτων
1093 2695 1339 2789 προσαμβάσεις

175 2817 386 2884 statuendum
405 2817 458 2884 sit.

280 2924 420 2990 Seidleri
428 2913 732 3007 interpretationem
744 2924 893 3007 putantis
908 2916 1072 3008 δωμάτων
1087 2917 1173 3007 πρὸς
1183 2909 1340 3002 ἀμβάτας

177 3036 227 3117 (ut
259 3033 391 3120 scribit)
416 3033 529 3100 valere
552 3033 737 3099 occasiones
756 3033 812 3099 ubi
833 3025 981 3117 ἀμβατόα
1004 3029 1073 3095 ἐστι
1096 3030 1200 3113 ἀτίμα,
1228 3026 1337 3091 veluti

179 3139 339 3206 foramina
368 3140 458 3206 intra
479 3139 727 3208 intercolumnia
749 3141 804 3226 (cf.
829 3158 859 3206 v.
884 3143 967 3222 113),
996 3135 1239 3220 improbandam
1262 3151 1335 3198 esse

178 3266 304 3314 censeo.
356 3247 497 3314 Primum
526 3249 723 3332 praepositio
757 3242 855 3333 πρός,
889 3246 1071 3326 ubicunque
1104 3243 1190 3324 apud
1218 3245 1335 3323 poetas

176 3355 320 3438 tragicos
360 3373 431 3421 cum
474 3354 679 3424 substantivo
720 3349 873 3442 ἀμβάσεις
913 3353 1089 3435 reperitur,
1124 3351 1165 3416 ab
1201 3367 1238 3414 eo
1269 3366 1336 3413 non

176 3469 237 3554 est
270 3463 461 3545 separanda.
512 3464 630 3530 Aesch.
665 3463 797 3546 Septem
836 3471 917 3545 466,
956 3462 1111 3546 κλίμακος
1145 3450 1337 3542 προσαμβά-

177 3589 251 3649 σεις.
296 3571 375 3637 Eur.
410 3571 529 3638 Phoen.
559 3577 640 3654 489,
679 3577 771 3638 1113.
817 3571 936 3638 Bacch.
971 3575 1063 3636 1213.
1108 3567 1229 3632 Phoen.
1260 3569 1335 3632 144.

176 3679 303 3746 Deinde
333 3679 526 3746 vocabulum
557 3674 710 3764 ἀμβάσεις
736 3699 800 3746 non
831 3686 899 3747 tam
927 3679 961 3745 id
989 3678 1155 3762 significat
1184 3674 1227 3740 ad
1249 3673 1337 3754 quod

176 3787 379 3870 ascenditur,
423 3807 519 3868 quam
554 3787 604 3870 id,
649 3788 740 3854 cuius
776 3788 895 3854 anxilio
939 3787 1134 3854 escenditur.
1194 3783 1275 3847 Tum
1307 3781 1336 3846 si

177 3897 205 3962 is
226 3895 326 3978 locus,
350 3913 508 3975 quonum
531 3895 580 3962 uti
601 3897 705 3978 possit
725 3896 856 3963 dubitat
879 3895 1015 3962 Orestes
1037 3899 1079 3980 (v.
1101 3899 1141 3960 97
1156 3893 1227 3978 so),
1251 3889 1336 3954 eius·

176 4004 248 4069 derrr
260 4002 391 4086 generis
413 4008 501 4068 esset
519 4009 618 4084 atque
636 4005 664 4070 is
680 4023 774 4084 quem
791 3987 914 4070 anricus
932 4023 962 4071 v.
979 4009 1038 4069 113
1049 3999 1210 4084 proponit,
1234 3997 1336 4064 etiam

176 4111 298 4177 dehoc
321 4111 391 4176 loco
413 4111 564 4178 dubitare
587 4113 744 4194 debebat3
768 4113 887 4179 sedda
910 4131 947 4177 eo
970 4109 1088 4194 Pyladi
1112 4113 1202 4174 totus
1225 4123 1335 4172 assen-

175 4219 258 4284 titur
279 4219 326 4306 (v.
349 4219 433 4305 118).

276 4325 439 4392 Heatlrius
467 4325 617 4394 Handius
642 4328 902 4396 aldermannus
923 4324 1129 4407 Hartungius
1149 4322 1337 4390 GtDindor·

177 4436 296 4504 dorflus
305 4435 445 4503 Kvicala
454 4435 624 4519 Zieglerus
636 4439 782 4504 Bauerus
794 4433 959 4523 στομάτων
974 4426 1215 4520 προσαμβάσεις
1226 4431 1268 4496 ad
1279 4449 1336 4496 eos
