2994 4902
659 307 873 368 ..50-

190 495 337 558 oausam,
365 493 422 540 cur
443 474 615 558 Iphigenia
638 494 701 541 non
724 475 856 558 captivo
878 475 928 541 illi
950 474 1120 557 epistolam
1143 469 1353 558 tradidisset,

190 602 350 667 exponere
379 582 553 664 voluisset,
583 583 731 650 versibus
754 587 944 649 ,588-590
973 601 1012 648 ea
1042 582 1082 648 de
1104 599 1219 666 causa,
1249 602 1352 666 quam

188 692 329 760 KuIcala
351 690 464 757 attuht
486 690 575 776 (vide
595 692 706 777 supra)
727 695 762 756 et
782 690 857 770 quia
872 689 974 757 verba
992 685 1031 756 σὺ
1051 685 1079 754 d'
1093 740 1100 756 .
1115 740 1123 755 .
1140 741 1147 756 .
1164 684 1291 776 σώθητι
1305 729 1352 740 --

189 800 353 887 σωτηρίαν
376 798 523 882 opposita
545 802 621 864 sunt
643 798 827 865 sententiae
849 817 913 865 vss.
929 803 991 864 586
1004 817 1061 879 sq„
1085 816 1197 864 carere
1216 802 1351 880 potera-

188 927 268 975 mus.
312 909 359 973 At
383 910 602 988 spectatores,
635 924 706 972 cum
738 923 894 972 memores
926 905 1025 987 spatii
1058 905 1228 988 temporie,
1261 907 1352 999 quod

187 1017 326 1083 interest
337 1014 424 1080 inter
436 1013 626 1098 Iphigeniae
640 1014 892 1080 immolationem
903 1013 1114 1080 Aulidensem
1130 1015 1207 1100 (vss.
1226 1015 1350 1101 isqq.),

187 1127 208 1192 i.
232 1144 259 1192 e.
293 1122 530 1206 expeditionem
562 1122 764 1188 Achaeorum
799 1125 915 1188 contra
944 1121 1102 1187 Troianos
1133 1122 1275 1204 factam,
1310 1122 1354 1189 et

187 1234 327 1300 reditum
348 1249 456 1298 eorum
478 1231 570 1296 modo
598 1231 743 1313 pluribus
766 1234 1063 1313 commemoratum,
1094 1229 1349 1313 intellexissent,

187 1341 391 1426 Iphigeniam
423 1339 487 1408 iam
518 1338 639 1406 diutins
672 1357 767 1419 quam
798 1340 908 1405 decem
939 1357 1041 1405 annos
1072 1339 1157 1420 apud
1187 1339 1351 1406 barbaros

186 1450 296 1532 fuisse,
320 1448 516 1514 mirarentur
537 1465 670 1513 necesse
693 1451 776 1532 erat,
799 1444 1031 1515 cur'sacerdos
1052 1468 1116 1515 non
1137 1449 1202 1514 iam
1225 1449 1349 1515 dudum

187 1556 296 1636 aliquo
326 1555 419 1620 modo
447 1555 599 1620 nuncium
628 1555 661 1621 in
688 1555 831 1637 patriam
855 1555 996 1622 misisset
1017 1556 1087 1638 vel,
1116 1574 1186 1623 cum
1215 1555 1350 1638 saepIus

189 1664 333 1730 Graecos
353 1661 563 1729 immolandos
579 1662 761 1744 accepisset
787 1665 831 1748 (v.
845 1665 932 1750 347),
956 1663 1053 1729 alicui
1075 1682 1116 1729 ex
1138 1663 1188 1728 his
1200 1663 1350 1730 dedisset

185 1772 317 1837 litteras
339 1769 499 1836 ferendus.
544 1769 618 1835 an
640 1770 707 1836 alia
729 1770 899 1837 accedunt.
944 1770 1015 1838 Iam
1037 1775 1115 1837 ante
1137 1770 1265 1837 Orestis
1285 1773 1349 1838 ad-

186 1883 320 1948 ventum
339 1876 557 1961 desiderabat,
578 1880 617 1943 ut
624 1877 732 1962 Argos
749 1881 973 1945 reverteretur
990 1877 1190 1960 fratremque
1204 1879 1348 1947 videret.

186 2005 251 2055 vss,
263 1991 326 2053 989
336 2004 381 2067 sq.
403 1984 474 2067 Quo
487 1984 646 2052 desiderio
655 1989 691 2052 et
704 1986 776 2053 odio
791 1986 965 2053 sacerdotii
976 1987 1113 2069 impulsa
1123 1991 1348 2075 (vestie-6)

188 2095 352 2178 captivum
386 2093 517 2160 litteras
546 2093 588 2160 ad
604 2081 770 2160 'Orestem
804 2095 945 2162 scribere
976 2095 1132 2178 iusserat,
1167 2100 1266 2176 atque
1300 2096 1346 2180 id,

186 2203 442 2285 quandoquidem
456 2201 702 2284 ampliusquam
716 2203 828 2271 decem
850 2223 952 2271 annos
973 2224 994 2270 a
1015 2204 1125 2286 patria
1146 2207 1219 2270 erat
1240 2223 1346 2272 remo

113 2355 114 2360 κ
185 2317 222 2380 ta
240 2317 275 2378 et
284 2311 433 2386 Orestem
453 2311 654 2377 carissimum
676 2312 819 2379 habebat
841 2315 1006 2400 (55540),
1027 2313 1169 2380 fortasse
1191 2313 1347 2381 iamdiu

185 2421 371 2502 priusquam
400 2419 429 2485 is
457 2419 491 2484 in
521 2419 700 2485 Taurorum
729 2424 851 2488 terram
881 2422 954 2486 iret.
998 2420 1111 2501 Neque
1140 2426 1251 2486 tamen
1278 2421 1347 2486 illis

187 2529 395 2612 popularibus
414 2525 546 2604 litteras
567 2529 798 2613 mandaverat,
829 2529 946 2612 quippe
975 2529 1044 2612 qui,
1074 2533 1112 2594 ut
1140 2547 1242 2596 evss
1270 2534 1344 2597 515.

189 2643 250 2704 591
269 2655 317 2717 sq.
339 2635 493 2719 colligere
514 2634 608 2718 licet,
634 2655 693 2704 nec
712 2636 869 2721 Mycenas
893 2655 954 2703 nec
977 2636 1126 2703 Orestem
1149 2643 1346 2720 cognossent

187 2763 248 2811 nec
270 2743 445 2811 nobilitate
465 2744 595 2827 generis
614 2744 669 2811 vel
689 2763 814 2811 morum
830 2745 996 2828 probitate
1017 2745 1234 2813 commendari
1256 2745 1343 2814 vide·

186 2857 310 2918 rentur
355 2850 506 2918 Timebat
529 2850 623 2934 enim,
646 2870 688 2918 ne
710 2853 860 2937 nunciuS,
892 2872 964 2920 oum
987 2871 1005 2919 e
1025 2852 1205 2920 Taurorum
1226 2852 1343 2920 finibus

187 2959 364 3044 evasisset,
394 2959 549 3025 mandata
578 2979 636 3041 pro
666 2959 767 3026 nihilo
789 2963 909 3042 putans
936 2979 1001 3026 non
1022 2960 1130 3043 Argos
1151 2961 1216 3026 iret
1237 2979 1345 3042 neque

187 3087 227 3135 55
251 3068 293 3134 ad
317 3067 467 3134 Orestem
489 3067 610 3149 ferret3
638 3087 702 3148 qua
732 3069 772 3134 de
799 3087 899 3136 causa
926 3069 966 3135 de
995 3070 1046 3136 his
1069 3069 1165 3135 rebus
1194 3069 1295 3135 etiam
1324 3089 1346 3135 5

186 3175 313 3259 Pylade
342 3173 563 3242 iusiurandum
595 3174 707 3260 exigit.
731 3195 795 3244 uss,
820 3182 989 3244 tto-35.
1013 3179 1075 3242 744
1093 3195 1139 3257 sq.
1185 3175 1346 3258 Quoniam

186 3283 288 3366 igitur
310 3280 476 3347 auditores
498 3299 537 3348 ea
558 3300 609 3366 re,
643 3301 739 3364 quam
770 3303 868 3367 supra
890 3284 1219 3366 commemoravimus,
1248 3287 1346 3350 erant

187 3389 369 3457 instruendi
405 3392 505 3471 atque
541 3389 714 3474 iphigenia
745 3392 778 3458 in
809 3391 936 3459 nunciis
968 3391 1128 3476 eligendis
1158 3391 1346 3474 litterisque

185 3498 377 3566 mandandis
404 3515 614 3582 permagnam
641 3500 775 3566 adhibet
803 3500 1003 3584 cautionem,
1043 3519 1064 3566 a
1092 3519 1199 3566 rerum
1228 3501 1345 3582 proba-

184 3607 315 3674 bilitate
344 3606 523 3674 'abhorrere
562 3609 766 3693 negaverim,
810 3610 1012 3676 sacerdotem
1042 3608 1165 3675 dIsorte
1187 3608 1344 3694 indicare,

185 3732 242 3782 cur
270 3733 334 3781 non
364 3713 429 3782 iam
462 3715 580 3782 dudum
612 3715 781 3799 epistolam
812 3717 968 3802 Mycenas
1003 3717 1143 3802 miserit,
1182 3721 1282 3798 atque
1305 3737 1345 3784 eo

184 3824 305 3910 magiS,
343 3824 427 3905 quod
453 3824 487 3891 in
510 3825 572 3890 hac
599 3824 671 3907 ipsa
706 3844 743 3892 55
765 3830 932 3907 tamquam
952 3827 987 3892 in
1005 3825 1216 3893 fundamento
1234 3826 1346 3909 posita

185 3938 237 4001 est
257 3950 481 4016 germanorum
511 3933 668 4017 cognitio,
705 3934 726 4000 i.
747 3953 776 4002 5.
798 3935 901 4001 totius
922 3935 1114 4018 tragoediae
1135 3953 1211 4017 pars
1232 3953 1346 4002 neces-

185 4041 281 4108 saria.
327 4039 432 4124 Quam
453 4041 493 4106 ob
517 4041 743 4125 gravissimam
765 4060 896 4110 oausam
925 4042 1057 4108 minoris
1078 4042 1232 4110 momenti
1252 4043 1345 4111 vide-

184 4155 239 4217 tur
268 4167 356 4232 esse,
386 4149 470 4230 quod
495 4149 694 4218 constructio
728 4148 905 4229 ἐπιστολὰς·
929 4151 1069 4237 πέμπειν
1093 4154 1157 4218 τιυὶ
1187 4153 1346 4234 exemplis

185 4261 312 4328 omnino
333 4258 459 4325 idoneis
479 4260 610 4340 probari
631 4259 755 4345 nequit.
