2994 4902
658 302 869 365 -46

187 447 294 538 ἔλεγχ’,
317 459 509 536 pracsertim
531 481 602 529 cnm
620 464 684 531 iam
706 487 765 549 per
786 489 820 536 se
844 472 919 538 dc''
898 494 938 540 ns
959 478 1013 557 qui
1028 481 1068 546 de
1083 483 1219 568 singulis
1241 490 1342 554 rebus

185 559 354 640 inquirunt
382 569 531 649 usurpem
558 578 657 651 queat
687 576 740 660 (cf.
763 577 923 664 Koechlyi
947 592 1056 654 annot
1085 591 1136 657 ad.
1159 610 1207 660 vs.
1234 596 1343 683 1179),

187 668 390 738 additament
376 677 444 739 tum
467 675 545 757 opus
568 687 714 748 nonest.

291 781 401 861 Atque
430 787 468 848 ut
488 787 704 874 anquiramas,
728 809 803 858 num
825 813 888 862 uss
914 805 976 866 522
999 821 1045 882 sq.
1073 805 1186 874 deesse
1204 811 1343 895 possint,

189 886 353 955 Usenerus
374 895 487 974 putat,
510 895 649 962 solat
600 896 649 963 vit
650 905 766 980 uperat
767 901 854 986 ione,
879 924 961 985 quae
982 909 1099 978 inest'
1090 934 1124 981 ιιι
1145 934 1243 984 versu
1268 925 1343 1002 528,

188 996 389 1079 Iphigeniam
414 1003 619 1086 commoveri,
648 1010 686 1071 ut
708 1008 748 1074 de
771 1011 969 1094 singulorum
989 1018 1048 1084 ιιι·
1024 1023 1068 1085 trs
1090 1022 1249 1090 aduenam
1272 1043 1345 1107 per·

190 1121 249 1168 con
251 1108 349 1172 ettur.
395 1107 526 1190 Quod
517 1115 565 1176 ιιι
588 1131 622 1178 se
653 1115 774 1183 habere
796 1137 987 1202 quamquam
1010 1145 1074 1195 non
1095 1131 1222 1197 omnino
1244 1151 1345 1217 nega-

189 1213 307 1296 verim,
335 1221 445 1282 tamen
475 1219 663 1299 respicienti
690 1223 769 1290 mihi
791 1227 910 1295 morem
939 1250 959 1298 a
988 1235 1125 1319 tragicis
1148 1238 1321 1306 Graecis
1311 1260 1346 1307 ιιι

190 1321 366 1406 stichomyt
352 1323 429 1390 thiis
451 1330 677 1408 componendis
699 1332 852 1402 observat
838 1341 906 1403 tum
922 1340 1112 1422 colloquium
1134 1347 1264 1429 abrepti
1286 1350 1347 1415 ali-

191 1429 267 1510 quid
300 1432 420 1498 habere
459 1434 640 1519 uideretur,
684 1439 711 1504 si
740 1448 815 1522 post
847 1464 877 1512 v.
913 1453 974 1514 528
1007 1451 1121 1517 statim
1154 1461 1348 1535 sequeretur

190 1555 236 1606 vs.
259 1545 331 1604 531.

293 1645 355 1712 His
373 1647 518 1715 omnibus
532 1654 733 1734 argumentis
750 1659 917 1740 perpensis
936 1681 993 1742 pro
1007 1644 1096 1731 certo
1117 1665 1231 1752 habeo,
1253 1687 1349 1736 sena·

191 1753 256 1820 rios
280 1760 342 1820 522
362 1773 408 1835 sq.
432 1775 503 1823 esse
525 1759 693 1842 genuinos.

296 1859 446 1930 Ceterum
478 1867 587 1949 ordo,
609 1888 703 1950 quern
733 1869 897 1940 Usencrus
926 1876 1074 1945 versibus
1111 1885 1173 1948 527
1195 1900 1241 1962 sq.
1274 1889 1351 1964 post

192 1991 320 2039 versum
351 1978 413 2040 520
439 1977 646 2059 transpositis
676 1979 803 2063 effecit,
834 1981 912 2047 mihi
934 1985 1061 2064 quidem
1084 2007 1148 2055 non
1180 1991 1349 2073 probatur.

192 2081 457 2166 Namlphigenia
470 2103 579 2154 oumv.
592 2092 653 2152 523
670 2088 795 2155 demum
807 2095 1027 2177 percontetur,
1048 2096 1103 2161 ubi
1124 2115 1208 2163 nunc
1219 2097 1351 2167 Helena

193 2189 247 2273 sit,
223 2195 316 2258 tus
324 2193 560 2260 oauscisoitari
580 2214 644 2261 non
662 2201 780 2279 potest,
804 2216 879 2264 num
902 2201 996 2266 eain
1017 2207 1076 2284 pat
1077 2205 1168 2289 riam,
1192 2206 1249 2272 scd
1271 2226 1350 2274 num

192 2299 319 2365 omnino
348 2300 391 2366 ad
420 2301 602 2369 Menelaum
630 2304 765 2370 redierit
750 2306 856 2392 t¹;')
846 2310 958 2387 noque
993 2327 1107 2377 versus
1137 2317 1198 2379 521
1229 2315 1351 2382 ceteris

193 2409 356 2492 versibus,
391 2410 506 2489 quibus
535 2410 575 2476 dc
605 2410 666 2476 hac
692 2412 771 2478 urbe
800 2413 920 2497 agitur,
950 2421 1027 2498 ap'te
1054 2420 1202 2486 adnecti
1175 2424 1251 2487 1t.ur
1295 2423 1349 2488 Ex

194 2536 256 2598 quo
277 2522 424 2600 apparet,
447 2535 577 2600 prorsus
595 2537 657 2588 non
678 2538 759 2604 esse,
782 2522 1020 2606 curIphigenia
1039 2526 1102 2592 iam
1125 2533 1351 2597 anteversum

196 2634 254 2694 521
275 2628 316 2694 de
337 2626 445 2693 reditu
456 2626 658 2693 Achaeorum
677 2628 836 2709 loquatur.
865 2630 977 2711 Neque
999 2632 1033 2700 in
1056 2652 1094 2701 eo
1116 2635 1237 2703 offendi
1254 2657 1350 2720 posse

194 2742 283 2820 puto,
306 2738 390 2818 qnod
411 2735 592 2824 Iphigenia,
624 2737 665 2803 de
687 2757 749 2805 uno
772 2739 920 2806 Menelao
943 2742 1062 2808 certior
1082 2744 1183 2828 facta,
1214 2763 1263 2812 vs.
1288 2754 1350 2816 527

197 2852 346 2919 Orestem
369 2851 410 2917 de
428 2849 537 2916 reditu
558 2845 591 2913 in
612 2846 795 2915 universum
815 2848 1009 2930 interrogat.

829 3026 929 3034 ..η-

298 3184 470 3269 Iphigenia
489 3182 609 3265 Oresti,
631 3200 725 3263 quem
738 3181 897 3265 Argivum
918 3199 989 3248 esse
1010 3199 1050 3247 ao
1072 3181 1228 3248 familiam
1249 3183 1352 3264 ipsius

195 3315 291 3366 nosse
312 3293 494 3376 intellexit,
517 3292 577 3358 hoc
597 3290 764 3357 consilium
782 3289 942 3372 proponit,
966 3289 1242 3372 opportunitatem
1261 3291 1353 3357 litte·

196 3425 251 3473 ras
280 3404 424 3485 cuidam,
457 3418 551 3481 quem
580 3398 780 3465 carissimum
801 3397 1048 3479 propinquorum
1071 3397 1173 3463 habet
1196 3399 1239 3484 (v.
1264 3403 1352 3482 540),

196 3513 352 3596 Mycenas
374 3507 526 3575 mittendi
548 3507 691 3573 oblatam
710 3523 827 3588 capere
849 3504 997 3587 cupiens:
1299 3520 1301 3526 ’

304 3625 375 3686 582.
398 3617 511 3694 θέλοις
530 3611 582 3698 ἄν,
604 3615 632 3681 εἰ
652 3609 789 3699 σώσαιμι
809 3609 846 3696 ὅ,
869 3609 1011 3699 α’γγεῑλαί
1032 3614 1063 3678 τί
1084 3634 1139 3697 μοι

402 3721 486 3811 πρὸς
499 3719 615 3811 ’Ἄργος
635 3720 748 3790 ἐλθών
767 3733 838 3800 τοῖς
863 3719 952 3807 ἐμοῖς
973 3719 1041 3787 ἐκεῖ
1059 3721 1175 3804 φίλοις,

403 3833 520 3899 δέλτον
542 3829 570 3898 τ’
589 3831 740 3918 ἐνεγκεῖν,
762 3821 802 3916 ἦν
823 3852 873 3908 τις
894 3829 1054 3914 οἰκτείρας
1075 3825 1129 3914 ἐμὲ

403 3939 543 4026 ἔγραψεν
568 3933 781 4026 αἰχμάλωτος,
803 3932 876 4022 ου’χὶ
896 3932 956 4022 τὴν
976 3931 1054 4022 ἐμὴν

405 4048 509 4130 φονέα
530 4049 672 4134 νομίζων
694 4057 794 4132 χεῖρα,
815 4047 875 4111 τοῦ
897 4036 1001 4127 νόμου
1024 4035 1053 4106 δ’
1069 4033 1136 4106 ὕπο

308 4161 380 4224 587.
403 4149 559 4243 θνήσκειν
580 4180 632 4242 γε,
657 4158 713 4242 τῆς
730 4155 813 4221 θεοῦ
835 4144 913 4218 τάδε
933 4144 1027 4216 δίκαι’
1050 4145 1243 4238 ηγουμένης;

307 4305 326 4370 ¹)
344 4303 425 4358 Recto
440 4303 617 4358 Weckleinius
640 4301 766 4357 adnotat:
790 4301 885 4367 „dopo
902 4301 943 4354 M.
963 4295 1046 4350 πάλιν
1065 4291 1180 4362 ἀφῖκται
1201 4291 1353 4348 bezeichnet

200 4403 236 4456 im
247 4399 421 4468 allgemeincn
436 4396 478 4449 die
493 4394 634 4465 Riickgabe
653 4393 698 4447 der
708 4393 810 4446 Helena
823 4408 856 4445 an
868 4389 1010 4455 Menelaos,
1031 4388 1072 4440 dic
1083 4388 1110 4439 in
1122 4383 1201 4452 Troja
1212 4383 1350 4451 criolgte.“
