2994 4902
643 299 855 362 ..51-

274 441 445 526 Iphigenia
456 443 615 527 Orestem,
636 448 674 511 ut
688 444 859 526 epistolam
870 445 977 528 Argos
997 443 1109 525 ferret,
1132 443 1166 509 in
1186 445 1328 527 patriam

166 548 340 616 remittere
369 555 402 617 et
422 552 580 636 Pyladem
609 552 691 620 deae
718 553 884 619 immolare
906 551 1087 642 constituit.
1135 552 1229 635 Quod
1259 554 1329 634 qui-

166 657 243 724 dem
266 659 439 726 consilium
461 661 517 726 ille
539 661 589 728 ita
605 661 720 728 reiecit

286 772 356 834 597.
379 769 491 846 καλῶς
511 767 621 850 ἔλεξας
642 763 755 852 τᾶλλα,
777 762 863 855 πλὴν
884 766 930 851 ἓν,
950 756 1088 855 digium.

278 879 350 942 598.
372 871 494 963 τὸγὰρ
516 880 678 963 σφαγῆναι
699 873 789 944 τόνδ’
809 876 880 962 ἐμοί
901 872 1002 962 βάρος
1024 877 1113 962 μέγα.

275 981 399 1064 Quibus
411 1003 451 1050 ex
464 986 622 1080 13131111131
626 986 849 1068 posteriorem,
862 985 953 1074 cuins
966 987 1193 1068 argumentum
1207 982 1331 1050 duobus

166 1089 319 1156 versibus
353 1091 555 1175 interpositis
584 1094 769 1160 accuratius
807 1093 959 1176 affertur,
1008 1093 1176 1160 Nauokius
1213 1091 1247 1158 in
1280 1111 1331 1158 su-

166 1197 345 1279 spicionem
380 1201 525 1267 adduxit.
577 1201 641 1267 Sed
677 1219 869 1282 quamquam
906 1201 1021 1268 abesse
1060 1205 1186 1284 potest,
1221 1205 1331 1267 tamen

166 1309 305 1388 propter
336 1307 418 1374 illud
462 1307 497 1374 iv
533 1308 724 1376 retinendus
762 1310 840 1375 mihi
889 1309 1029 1377 videtur.
1086 1310 1219 1376 Etenim
1254 1309 1332 1374 Ore·

166 1418 242 1480 stes
279 1415 471 1500 Iphigeniae
516 1417 649 1484 consilio
683 1422 818 1500 repente
854 1417 981 1500 prolato
1008 1417 1142 1502 Pyladis
1167 1417 1334 1484 mactandi

168 1525 346 1604 tantopere
384 1524 585 1608 opprimitur,
625 1530 663 1590 ut
694 1525 864 1592 confestim
898 1525 932 1591 id
969 1525 1053 1606 quod
1096 1543 1132 1591 se
1164 1523 1333 1608 indignum

167 1647 245 1695 esse
277 1635 374 1712 putat
402 1632 528 1698 reiciat.
572 1633 627 1699 lta
666 1634 721 1711 fit,
754 1638 792 1699 ut
827 1633 861 1698 in
893 1632 986 1700 initio
1018 1632 1175 1700 orationis
1208 1631 1332 1713 aliquid

167 1737 376 1822 pronuntiet,
415 1741 501 1821 quod
542 1747 577 1807 et
618 1745 692 1808 arte
726 1759 797 1807 cum
833 1738 957 1807 ultimis
998 1741 1178 1808 sacerdotis
1221 1741 1331 1807 verbis

169 1846 328 1913 cohaeret
350 1851 385 1914 et
406 1847 521 1914 statim
548 1849 693 1932 pluribus
715 1850 906 1932 explicatur.
952 1848 1120 1932 Proprium
1144 1855 1254 1916 autem
1282 1854 1334 1915 est

169 1951 348 2034 Euripidis,
367 1973 438 2021 eam
460 1974 544 2040 rem,
567 1957 608 2023 de
630 1975 694 2038 qua
720 1957 873 2040 deinceps
897 1955 1057 2039 copiosius
1076 1956 1197 2040 agitur,
1220 1974 1333 2039 propo·

169 2077 251 2127 nere
274 2063 418 2130 breviter
436 2066 708 2147 comprehensam.
753 2065 796 2131 cf.
823 2084 888 2132 uss.
914 2070 977 2134 617
1002 2083 1049 2146 sq.
1073 2067 1136 2131 734
1157 2081 1205 2145 sq.
1224 2063 1333 2147 Suppl.

169 2173 246 2236 517.
278 2176 352 2238 901.
383 2172 549 2240 Heraclid.
581 2179 653 2258 135.
681 2179 792 2256 oaosq.
825 2174 948 2241 Hecub.
977 2179 1040 2239 986
1067 2191 1136 2254 sqq.
1167 2171 1240 2239 Hel.
1272 2177 1333 2240 138

168 2280 376 2365 (139.141)‚
409 2285 491 2347 1003
514 2299 561 2362 sq.
605 2281 806 2348 Particulam
837 2275 897 2368 γάρ
930 2299 1025 2364 porro
1053 2280 1088 2346 in
1116 2279 1239 2346 duobus
1262 2299 1334 2346 ver-

167 2383 262 2450 sibus
296 2403 331 2451 se
367 2387 603 2470 excipientibus
632 2389 796 2475 adhiberi,
824 2409 889 2456 non
918 2394 972 2455 est
997 2387 1138 2454 alienum
1167 2407 1187 2453 a
1217 2392 1335 2470 poetae

166 2511 241 2560 usu.
266 2495 306 2560 cf.
330 2503 521 2577 13325733.
552 2497 669 2565 Η3131.
684 2504 745 2565 303
754 2517 822 2580 sqq.
866 2498 960 2564 Adde
970 2495 1107 2562 Hirzelii
1129 2495 1336 2562 sententiam,

166 2603 242 2683 qui,
264 2621 335 2668 cnm
359 2602 596 2671 demonstravit
613 2605 793 2672 orationem
813 2605 941 2671 Orestis
963 2601 1153 2685 bipartitam
1174 2602 1225 2667 bis
1247 2601 1336 2668 senis

166 2715 325 2778 constare
349 2711 513 2790 1313111113,
539 2713 666 2800 docuit,
700 2712 861 2780 senarium
891 2719 952 2780 598
995 2730 1067 2778 esse
1096 2710 1299 2777 servandum.
1312 2711 1335 2798 1)

590 3017 851 3024 Ἣ
865 3017 894 3023 ..-

277 3275 318 3344 Η.
339 3275 517 3342 Muellerus
538 3280 657 3361 (progr.
679 3296 709 3359 p.
735 3281 774 3343 13
788 3276 851 3364 sq.)
868 3291 1058 3359 persuasum
1079 3273 1203 3339 habens
1225 3272 1331 3341 diver-

168 3385 277 3467 bium,
310 3385 394 3467 quod
414 3403 445 3454 v.
467 3389 529 3451 617
550 3385 681 3469 incipit,
716 3403 788 3451 cum
815 3404 857 3450 ex
885 3383 926 3450 iis
956 3388 1060 3465 esset,
1093 3384 1226 3463 propter
1247 3398 1330 3461 quae

169 3492 348 3574 Euripides
377 3493 418 3559 ab
441 3492 622 3559 Aristotele
649 3494 835 3576 appellatus
874 3496 962 3558 esset
991 3481 1237 3576 τραγικώτατος
1262 3493 1334 3554 τῶν

169 3601 539 3686 morinummontem
559 3602 805 3684 perlectumque
826 3620 897 3668 3333
917 3600 1045 3683 debere,
1069 3615 1183 3666 uersus

283 3714 356 3776 623.
379 3709 460 3790 (01.)
483 3707 554 3775 odd
575 3706 717 3794 σφαγεὺς
736 3711 798 3790 τίς;
820 3709 849 3776 εἰ
869 3703 940 3774 τάδ’
959 3705 1098 3792 ἱστορεῖν
1118 3729 1156 3790 με
1177 3697 1247 3792 χρή.

281 3822 354 3886 624.
377 3819 476 3906 (lph.)
498 3817 575 3884 εἴσω
598 3811 711 3905 δόμων
732 3815 833 3886 τῶνδ’
853 3817 932 3883 εἰσὶν
954 3811 1004 3894 οἷς
1023 3816 1111 3899 μέλει
1133 3805 1220 3878 τάδε.

170 3925 402 4008 interpolatori
432 3926 549 3993 tribuit
578 3931 733 4007 quattuor
754 3926 795 3993 de
817 3925 938 3992 causis:
962 3924 1011 4012 (1)
1033 3922 1169 4004 primum
1196 3921 1333 3986 interro·

173 4033 342 4118 gationem
372 4028 448 4100 tot
469 4033 611 4122 σφαγεὺς
640 4036 706 4116 τίς;
736 4052 807 4100 3333
837 4049 1127 4116 supervacaneam
1157 4046 1233 4095 nam
1262 4045 1333 4092 cum

281 4294 300 4358 ι)
319 4291 395 4354 Quod
413 4308 450 4346 re.
469 4293 564 4347 33811
585 4292 813 4348 Pseudo-Lucium
833 4291 920 4344 Amor.
940 4290 1014 4342 cti.
1036 4287 1065 4340 Τ.
1084 4287 1119 4340 ll.
1140 4302 1164 4356 p.
1183 4287 1243 4342 451.
1262 4303 1333 4355 repe·

171 4383 251 4444 uitur,
270 4397 321 4432 nou
338 4383 428 4450 anagni
445 4383 571 4440 momenti
592 4387 641 4437 ost.
1091 4445 1126 4498 4·
