2994 4902
625 351 839 414 ..27-

267 522 339 584 256.
363 515 462 582 ἐκεῖσε
485 513 523 602 δὴ
544 509 708 600 'noveleia
730 520 832 601 πῶς’)
854 541 907 583 νιν
928 515 1026 582 εἵλετε

266 631 339 694 257.
361 619 477 711 τρόπον
499 619 640 712 θ’ὃποίῳ
662 676 669 690 .
690 628 790 692 τοῦτο
812 623 874 712 γὰρ
896 631 1016 711 μαθεῖν
1037 625 1139 691 θέλω.

210 753 216 766 ·
265 737 338 800 258.
360 729 488 820 χρόνιοι
506 727 567 820 γὰρ
587 726 732 821 ἥκουσιν,
756 729 890 800 οὐδέπω
912 731 1023 820 βωμὸς
1044 736 1124 811 θεᾶς

265 847 337 910 259.
360 836 593 928 Ἑλληνικαῖσιν
616 840 824 929 ἐξεφοινίχθη
849 842 947 928 ῥοαῖς.

260 947 382 1016 Versus
400 955 541 1016 257259
552 949 739 1018 Badhamus
755 948 1093 1033 (cf.Schenkl.Philol.
1104 947 1218 1029 XX.p.
1228 946 1314 1030 328),

145 1076 217 1124 vss.
242 1061 307 1124 258
328 1077 372 1138 sq.
401 1077 473 1124 cum
499 1057 631 1124 Monkio
649 1058 911 1126 Wilamovitzius
931 1057 1039 1144 (Anal.
1063 1077 1092 1140 p.
1117 1059 1192 1138 244)
1214 1053 1315 1120 inter-

145 1165 335 1247 polatorem
353 1184 467 1248 sapere
486 1165 699 1232 arbitrantur.
744 1166 869 1248 Quibus
891 1167 930 1232 de
954 1164 1070 1246 censio,
1091 1181 1156 1228 nou
1179 1161 1314 1228 addunt.

259 1273 440 1357 Iphigenia,
462 1292 533 1339 cnm
547 1293 655 1340 morae
671 1274 844 1356 impatiens
855 1275 1028 1342 bubulcum
1044 1273 1129 1339 unde
1148 1268 1316 1336 aberravit

146 1381 264 1447 redire
283 1380 425 1466 iusserit,
449 1384 518 1450 sine
541 1383 636 1450 dubio
655 1384 729 1450 huic
747 1382 998 1466 interrogationi
1019 1380 1214 1463 permultum
1236 1395 1314 1460 pon-

146 1489 244 1556 deris
266 1491 390 1558 tribuit.
437 1493 503 1558 Our
524 1497 634 1558 autem
655 1493 795 1575 tribuat,
818 1491 992 1574 Euripides
1014 1490 1096 1556 satis
1117 1492 1196 1570 apte
1220 1505 1314 1568 prop-

146 1603 250 1666 terea
274 1599 383 1682 audit,
414 1601 489 1680 qula
509 1601 681 1685 Iphigenia
711 1601 839 1667 initium
864 1600 1020 1666 orationis
1042 1616 1121 1664 suae
1149 1595 1315 1678 proximae

146 1707 230 1792 (342
255 1712 338 1791 sqq.)
361 1727 426 1776 non
456 1710 558 1776 solum
579 1710 751 1792 postremis
777 1709 919 1791 pastoris
941 1708 1050 1775 verbis
1074 1725 1185 1774 verum
1215 1703 1315 1770 etiem

146 1820 350 1900 argumento
361 1835 426 1884 vss.
438 1823 579 1885 256259
592 1819 750 1901 annectit,
774 1822 811 1884 ut
825 1835 966 1884 conexus
989 1817 1041 1882 hic
1068 1815 1124 1880 sit:
1143 1812 1316 1896 Iphigenia

145 1925 277 2007 amIssi,
301 1930 338 1992 ut
357 1927 517 2009 opinatur,
540 1927 653 1993 fratris
676 1927 787 1993 dolore
809 1926 1020 1994 vehementer
1042 1926 1219 2002 commota,
1243 1937 1315 1985 cnm

145 2034 303 2100 advenas
342 2053 413 2100 esse
444 2034 587 2102 Graecos
625 2035 805 2116 audiverit,
840 2034 1042 2116 aptissimam
1074 2031 1167 2097 huius
1201 2028 1316 2094 mortis

147 2141 363 2208 ulciscendae
382 2142 581 2208 occasionem
597 2143 761 2216 invenisse
776 2143 838 2208 sibi
852 2142 991 2208 videtur.
1017 2139 1076 2205 Cui
1090 2138 1218 2218 quidem
1229 2137 1315 2218 cogi·

146 2249 276 2319 meroni
295 2267 356 2331 per
377 2251 553 2334 longiorem
576 2235 766 2318 armentarii
789 2251 968 2317 orationem
989 2250 1070 2315 adeo
1093 2266 1128 2312 se
1148 2245 1252 2326 cedit,
1278 2248 1315 2310 ut

148 2357 251 2423 huius
282 2357 428 2424 oratione
457 2377 558 2439 nsque
589 2361 630 2424 ad
659 2360 756 2425 finem
785 2360 944 2442 perducta
972 2357 1082 2424 facere
1110 2373 1174 2421 non
1202 2353 1315 2436 possit,

148 2465 232 2547 quin
259 2465 373 2530 statim
402 2466 508 2550 dicat,
537 2468 612 2548 qnid
643 2468 774 2534 sentiat.
819 2468 937 2548 Itaque
959 2465 1107 2534 versibus
1129 2467 1313 2530 257-259

147 2571 293 2638 remotIs
311 2573 393 2638 baec
411 2575 647 2640 sententiarum
668 2574 807 2640 maxime
829 2575 945 2640 idonea
968 2571 1151 2639 conlunctio
1172 2569 1315 2650 tollitur;

147 2687 330 2764 praeterea
352 2681 402 2747 vis
431 2682 519 2748 illius
541 2683 809 2765 interrogationis
829 2681 1036 2748 imminuitur.

259 2789 429 2873 Sequitur,
459 2796 497 2856 ut
519 2792 649 2874 siugula
667 2795 915 2874 perscrutemur.
959 2789 1023 2854 Pro
1044 2781 1200 2874 ἥκουσιν,
1230 2783 1316 2864 quod

148 2895 284 2963 codices
308 2898 477 2982 exhibent,
502 2892 617 2982 ἥκουσ’
638 2900 734 2965 metri
757 2918 855 2965 causa
877 2916 948 2964 esse
969 2896 1172 2963 scribendum
1195 2893 1315 2960 dudum

146 3004 359 3070 intellectum
381 3012 442 3073 est.
474 3007 514 3072 In
535 3008 645 3075 verbis
667 3012 777 3074 autem
798 3007 1007 3092 ἐξεφοινίχθη
1020 3004 1111 3092 ῥοαῖς
1132 3022 1195 3068 non
1217 3002 1314 3082 inest,

147 3113 239 3196 quod
267 3112 311 3178 sit
338 3115 535 3181 mutandum.
578 3114 660 3180 Nam
692 3134 710 3181 e
737 3117 837 3182 verbo
861 3114 1080 3197 ἐκφοινίσσειν
1106 3111 1315 3178 manifestum

148 3227 215 3303 est,
239 3213 319 3306 ῥοάς
341 3241 412 3288 esse
432 3222 600 3305 sanguinis
621 3222 718 3288 rivos.
763 3223 884 3289 Phoen.
907 3227 948 3288 41
971 3242 1017 3303 sq.

865 3333 975 3396 πῶλοι
997 3331 1034 3395 d'e'
1056 3353 1109 3394 νιν

361 3442 472 3522 χηλαῖς
492 3438 649 3516 τένοντας
671 3438 894 3522 ἐξεφοίνισσον
918 3441 1045 3505 ποδῶν.

261 3542 356 3624 Soph.
370 3545 420 3610 Ai.
444 3552 514 3612 110.
537 3540 667 3633 μάστιγι
687 3550 877 3632 φοινιχθείς.
901 3547 1204 3615 Eul·.0rest.1285
1228 3543 1315 3624 (lyr.)

149 3645 280 3736 σφάγια
290 3654 476 3733 porcionem.
522 3655 729 3725 Adiectivum
745 3650 877 3742 χρόνιος
889 3662 998 3722 autem
1018 3654 1223 3721 conlunctum
1244 3669 1315 3716 oum

150 3760 256 3827 verbo
281 3761 431 3828 veniendi
458 3763 545 3829 haud
566 3783 640 3829 raro
665 3765 801 3847 reperiri
825 3771 937 3831 notum
965 3768 1025 3829 est.
1063 3763 1169 3830 Orest.
1187 3764 1250 3826 740
1269 3779 1314 3840 sq.

150 3864 351 3954 catygetas,
382 3865 520 3956 χρόνιος.
559 3873 675 3940 Helen.
710 3880 808 3940 1232:
838 3873 952 3958 χρονία
980 3862 1092 3958 ἦλθον.
1130 3868 1205 3936 ibid.
1234 3874 1313 3934 566:

150 3969 289 4064 χρόνιος
308 3974 427 4044 ἐλθών.
451 3981 613 4049 1011403.
638 4021 678 4032 -
701 3982 802 4049 Porro
823 3983 855 4047 in
878 3977 1029 4062 ου’σὲιιω,
1060 3978 1143 4060 quod
1169 3979 1209 4044 G.
1232 3977 1314 4043 lier-

153 4103 296 4152 mannus
325 4086 545 4154 liiccbboffius
579 4089 629 4155 G..
649 4091 835 4157 Dlndorfins
865 4090 1028 4165 retinent,
1063 4086 1178 4168 reliqui
1208 4085 1315 4152 critici

152 4192 357 4262 recentiores
419 4196 641 4280 offenderunt,
701 4200 792 4283 qnia,
854 4205 891 4265 ut
947 4197 1075 4282 opinor,
1130 4192 1313 4262 coniunctio

265 4429 283 4498 1)
304 4430 358 4480 ποῦ
377 4429 549 4498 probabiliter
568 4433 681 4490 rouieoit
700 4433 850 4490 llhnsleius.
