2994 4902
604 219 818 279 ..72-

134 495 220 560 close
241 493 464 574 interpretans
486 493 694 575 „priusquam
730 513 751 558 a
776 512 827 558 me
858 493 1015 574 petieris“
1042 512 1156 560 versus
1180 498 1294 558 992-

136 605 199 668 994
221 601 291 666 sine
317 601 403 666 iusta
428 619 527 666 causa
550 601 607 684 (de
630 601 681 665 his
704 600 790 666 inira
813 600 943 683 videas)
975 601 1063 666 delet
1085 600 1294 680 particulam-

134 728 195 790 que
216 710 276 794 μέν
293 727 321 773 v.
332 715 394 774 989
419 709 461 774 ad
484 709 521 773 δέ
543 709 676 774 membri
698 703 757 794 τὴν
778 704 859 772 θεὸν
882 703 911 772 d'
932 700 1026 785 ὅπως
1047 703 1143 773 λοὶθω
1167 709 1295 792 (ubilin)

134 815 246 896 refert,
270 819 307 880 ut
328 818 430 881 verba
451 817 542 882 θέλω
565 855 607 865 -
629 810 756 897 πόυωυ,
779 809 918 900 σώσαιμι
941 811 969 880 d‘
993 815 1103 893 οἴκους
1124 814 1217 895 quasi
1240 834 1294 880 ex-

136 923 270 1006 plicatio
290 923 322 988 in
355 925 545 1004 parenthesi
575 924 683 1006 posita
704 941 773 990 rem
805 927 904 1004 atque
938 943 1069 990 oausam
1098 943 1212 990 versus
1232 928 1295 990 989

136 1031 316 1114 exprimere
338 1031 485 1113 putanda
507 1032 581 1098 sint.
1219 1115 1221 1119 Ι

239 1141 326 1226 (989.
351 1135 483 1224 τὸμὲν
506 1135 696 1226 πρόθυμον,
719 1123 797 1226 apin
822 1160 855 1206 οε
879 1134 965 1224 δεῦρ’
987 1137 1202 1222 aldelmique,

239 1252 312 1313 991.
336 1248 428 1312 θέλω
451 1244 479 1312 δ’
500 1241 584 1333 ἅπερ
607 1245 655 1323 σύ,
677 1251 713 1314 σε’
734 1274 768 1316 τε
785 1250 978 1334 μεταστῆσαι
998 1243 1125 1330 πόνων,

239 1361 311 1420 995.
337 1347 476 1442 σώσαιμι
499 1351 526 1420 d'
548 1355 673 1434 οἴκους·
697 1351 756 1438 τὴν
779 1353 860 1420 θεὸν
884 1351 912 1420 d'
935 1347 1027 1432 ὅπως
1049 1348 1170 1440 λάθω.)

139 1461 373 1542 Praeterquam
400 1464 483 1543 quod
512 1481 625 1528 versus
649 1469 710 1528 999
733 1462 874 1528 Kvicala
895 1462 1002 1530 iudice
1031 1481 1129 1528 urrrrm
1150 1461 1301 1539 idemque

139 1569 304 1650 significat
326 1589 365 1636 ac
387 1572 478 1636 θέλω
501 1611 543 1620 -
566 1569 687 1652 οἴκους,
710 1569 913 1652 concinnitas
936 1569 1178 1635 enuntiatorum
1201 1569 1302 1634 ualde

140 1677 334 1758 perturbata
353 1683 413 1743 est.
458 1678 575 1758 Itaque
592 1677 660 1742 iure
681 1677 791 1742 docuit
804 1677 991 1760 Koechlyus
1009 1679 1144 1762 (emend.
1158 1677 1201 1741 Π.
1215 1696 1245 1756 p.
1259 1679 1301 1758 4),
1366 1673 1370 1682 ’

141 1804 201 1850 nec
223 1784 304 1850 illud
326 1787 385 1870 μέν
408 1787 450 1851 ad
471 1786 606 1852 tertium.
628 1786 664 1849 δέ
688 1785 853 1866 pertinere
875 1804 935 1850 nec
958 1786 1141 1866 optativum
1163 1778 1305 1868 οοόοαιμι

141 1893 304 1976 particula
321 1895 358 1958 δέ
369 1893 477 1960 verbis
490 1894 526 1958 σέ
546 1917 580 1958 τε
602 1896 795 1977 μεταστῆσαι
817 1886 1088 1974 adnabadnecti
1115 1893 1181 1957 ullo
1210 1891 1306 1957 modo

143 2021 247 2086 posse.
271 2002 341 2068 lam
357 1991 432 2068 inde
449 2002 531 2067 satis
548 2004 695 2084 apparet,
716 2001 834 2066 falsam
849 2019 920 2066 esse
934 2001 1094 2066 Krioalae
1112 1999 1304 2082 opinionem.

246 2109 342 2175 Aliae
363 2113 471 2175 autem
496 2128 613 2175 causae
637 2110 805 2175 accedunt.
851 2109 956 2177 Versu
979 2115 1041 2176 990
1064 2113 1187 2173 remoto
1211 2125 1307 2188 „sen-

144 2217 251 2284 tentia
276 2217 392 2283 misere
413 2218 494 2300 hiat,
519 2237 591 2283 cnm
615 2222 693 2282 ante
716 2217 907 2296 colloquium
930 2235 1000 2282 eum
1018 2215 1135 2280 Oreste
1158 2212 1308 2278 habitum

144 2326 316 2409 Iphigenia
337 2327 484 2408 profecto
514 2327 573 2392 illa
602 2326 643 2390 de
670 2325 767 2390 fatris
789 2331 888 2405 atque
917 2326 1028 2390 domus
1052 2323 1198 2388 cladibus
1223 2341 1243 2387 a
1271 2341 1309 2388 se

147 2435 302 2502 sanandis
329 2435 413 2501 scire
435 2453 498 2500 non
521 2433 686 2515 potuerit“
710 2433 909 2515 (Koechlyus
937 2432 1039 2518 ibid).
1084 2430 1201 2512 Porro,
1231 2429 1310 2510 quia

146 2561 211 2608 vss.
234 2547 426 2608 989-1006
449 2540 621 2624 Iphigenia
647 2541 687 2605 iis
711 2540 902 2621 respondet,
936 2558 1019 2619 quae
1049 2537 1154 2603 frater
1182 2537 1258 2602 inde
1287 2557 1309 2602 a

146 2669 194 2717 vs,
213 2657 273 2716 979
290 2649 383 2732 dixit,
407 2649 545 2715 maxime
567 2651 819 2714 consentaneum
843 2652 903 2727 est,
928 2667 999 2712 eam
1018 2645 1167 2712 versibus
1189 2649 1249 2710 981
1259 2663 1308 2724 sq.

147 2758 269 2826 auditis
290 2759 396 2841 Argos
426 2757 583 2823 redeundi
606 2757 785 2838 consilium,
806 2756 889 2835 quod
912 2760 1018 2836 certe,
1048 2745 1146 2818 ut'ex
1169 2752 1310 2833 epistola

148 2869 206 2934 illa
239 2869 318 2953 (769
337 2867 420 2952 sqq.)
450 2869 560 2946 potest
589 2864 752 2946 concludi,
789 2862 977 2944 saepissime
1007 2860 1213 2943 agitaverat,
1249 2861 1311 2925 hoo

150 2973 304 3056 temporis
332 2979 493 3039 momento
521 2973 555 3039 in
585 2972 772 3038 memoriam
801 2987 963 3036 revocare.
1008 2969 1177 3034 Desiderio
1199 2973 1312 3034 autem

150 3085 265 3150 fratris
280 3082 422 3163 videndi,
447 3099 541 3161 quern
555 3100 651 3146 unum
673 3081 819 3160 haberet,
843 3078 876 3142 in
900 3097 961 3157 quo
982 3077 1083 3142 totius
1103 3077 1215 3142 domus
1230 3095 1313 3143 suae

151 3193 240 3258 salus
262 3191 433 3272 niteretur,
457 3209 526 3254 eam
556 3207 728 3268 numquam
751 3190 940 3252 commotam
965 3203 1036 3250 esse
1056 3183 1176 3266 putas?
1209 3184 1313 3248 Immo

150 3319 248 3382 supra
270 3299 408 3366 vidimus
430 3297 484 3380 (ad
506 3315 553 3362 vs.
577 3297 664 3382 949),
688 3313 769 3376 earn,
794 3292 944 3373 quotiens
963 3291 1089 3357 occasio
1112 3294 1199 3355 esset
1221 3290 1313 3372 data,

151 3408 265 3476 fratris
295 3406 487 3472 meminisse.
542 3404 646 3486 eram
680 3403 808 3484 quidem
840 3420 907 3466 rem
940 3399 1107 3466 Nauchius
1141 3417 1212 3463 cum
1247 3417 1312 3463 non

154 3518 235 3584 satis
256 3515 466 3598 perpendisse
484 3514 653 3595 uideatur,
677 3529 806 3578 versum
829 3513 891 3590 349
911 3529 968 3592 pro
990 3507 1173 3588 adulterino
1196 3507 1314 3572 habuit

152 3647 212 3693 nee
237 3626 361 3708 mirum,
384 3623 467 3706 quod
491 3623 590 3688 etiam
612 3641 693 3703 edm,
717 3621 840 3700 dequo
863 3637 948 3684 nunc
972 3617 1190 3699 disputamus
1220 3615 1314 3680 dam-

154 3731 496 3801 nandumarbitratur.
519 3730 572 3794 Ex
584 3749 644 3809 quo
659 3729 754 3794 simul
768 3726 983 3809 intellegitur,
1008 3724 1313 3816 Oeriiargumenta,

156 3863 228 3910 cum
251 3861 291 3909 ex
313 3839 479 3907 sententia
501 3837 642 3904 Nauchii
662 3837 836 3919 pendeant,
858 3834 979 3900 nullius
1003 3851 1073 3898 esse
1093 3830 1256 3897 momenti.

260 3949 460 4034 Quamquam
483 3966 612 4014 versum
630 3952 693 4013 990
713 3944 929 4023 retinendum,
953 3945 1064 4006 tamen
1083 3958 1112 4007 v.
1125 3944 1187 4005 989
1207 3956 1316 4003 emen-

156 4059 297 4128 dandum
326 4061 424 4141 putat
453 4056 590 4125 Weilius
616 4055 784 4121 offendens
813 4053 846 4118 in
868 4049 962 4117 verbi
986 4045 1049 4133 ’έχω
1076 4045 1316 4130 significatione

155 4165 328 4253 praeteriti
362 4164 531 4248 temporis,
564 4164 639 4245 quia
673 4182 744 4229 cum
766 4161 861 4228 huius
892 4158 955 4224 loci
981 4156 1222 4222 condicionibus
1251 4173 1316 4220 non

158 4275 342 4361 conveniat,
365 4272 570 4360 iphigeniam
591 4291 677 4344 nunc
691 4271 780 4356 loqui
800 4271 839 4336 de
860 4267 1039 4356 praeterito
1054 4269 1209 4350 tempore.
1247 4261 1317 4331 Ita·
