<?xml version="1.0" encoding="UTF-8"?>
<!DOCTYPE html PUBLIC "-//W3C//DTD XHTML 1.0 Transitional//EN"
    "http://www.w3.org/TR/xhtml1/DTD/xhtml1-transitional.dtd">
<html xmlns="http://www.w3.org/1999/xhtml" xml:lang="en" lang="en">
 <head>
  <title>
</title>
<meta http-equiv="Content-Type" content="text/html;charset=utf-8" />
  <meta name='ocr-system' content='tesseract 3.04.00' />
  <meta name='ocr-capabilities' content='ocr_page ocr_carea ocr_par ocr_line ocrx_word'/>
</head>
<body>
  <div class='ocr_page' id='page_1' title='image "./deversibussuspe00schugoog_0055.png"; bbox 0 0 2994 4902; ppageno 0'>
   <div class='ocr_carea' id='block_1_1' title="bbox 645 272 857 336">
    <p class='ocr_par' dir='ltr' id='par_1_1' title="bbox 645 272 857 336">
     <span class='ocr_line' id='line_1_1' title="bbox 645 272 857 336; baseline 0.009 -14"><span class='ocrx_word' id='word_1_1' title='bbox 645 272 857 336; x_wconf 70' lang='lat'>..48-</span> 
     </span>
    </p>
   </div>
   <div class='ocr_carea' id='block_1_2' title="bbox 33 437 1337 1933">
    <p class='ocr_par' dir='ltr' id='par_1_2' title="bbox 33 437 1337 1933">
     <span class='ocr_line' id='line_1_2' title="bbox 36 437 1331 527; baseline 0.001 -21"><span class='ocrx_word' id='word_1_2' title='bbox 36 480 41 489; x_wconf 93' lang='lat'>-</span> <span class='ocrx_word' id='word_1_3' title='bbox 171 441 292 522; x_wconf 80' lang='lat' dir='ltr'>studet,</span> <span class='ocrx_word' id='word_1_4' title='bbox 315 439 465 505; x_wconf 85' lang='lat' dir='ltr'>Monkins</span> <span class='ocrx_word' id='word_1_5' title='bbox 489 444 523 504; x_wconf 91' lang='lat' dir='ltr'>et</span> <span class='ocrx_word' id='word_1_6' title='bbox 545 437 806 507; x_wconf 89' lang='lat' dir='ltr'>Wilamovitzius</span> <span class='ocrx_word' id='word_1_7' title='bbox 829 442 939 527; x_wconf 89' lang='lat' dir='ltr'>(Anal.</span> <span class='ocrx_word' id='word_1_8' title='bbox 964 462 993 524; x_wconf 94' lang='lat' dir='ltr'>p.</span> <span class='ocrx_word' id='word_1_9' title='bbox 1017 446 1092 524; x_wconf 82' lang='grc'>224)</span> <span class='ocrx_word' id='word_1_10' title='bbox 1117 442 1242 524; x_wconf 84' lang='grc'>2222122</span> <span class='ocrx_word' id='word_1_11' title='bbox 1271 459 1331 508; x_wconf 90' lang='grc'>22-</span> 
     </span>
     <span class='ocr_line' id='line_1_3' title="bbox 33 528 1332 631; baseline 0.002 -20"><span class='ocrx_word' id='word_1_12' title='bbox 33 528 42 539; x_wconf 55' lang='grc'><em>”</em></span> <span class='ocrx_word' id='word_1_13' title='bbox 172 551 342 628; x_wconf 86' lang='lat' dir='ltr'>taverunt;</span> <span class='ocrx_word' id='word_1_14' title='bbox 365 547 506 614; x_wconf 85' lang='lat' dir='ltr'>Kuicala</span> <span class='ocrx_word' id='word_1_15' title='bbox 528 565 652 627; x_wconf 86' lang='lat' dir='ltr'>quoque</span> <span class='ocrx_word' id='word_1_16' title='bbox 673 549 715 614; x_wconf 85' lang='lat' dir='ltr'>ab</span> <span class='ocrx_word' id='word_1_17' title='bbox 737 549 973 631; x_wconf 75' lang='lat' dir='ltr'>interpolatore</span> <span class='ocrx_word' id='word_1_18' title='bbox 992 567 1047 616; x_wconf 91' lang='lat' dir='ltr'>eos</span> <span class='ocrx_word' id='word_1_19' title='bbox 1068 549 1234 630; x_wconf 86' lang='lat' dir='ltr'>profectus</span> <span class='ocrx_word' id='word_1_20' title='bbox 1256 567 1332 614; x_wconf 91' lang='lat' dir='ltr'>esse</span> 
     </span>
     <span class='ocr_line' id='line_1_4' title="bbox 174 653 1331 742; baseline -0.003 -19"><span class='ocrx_word' id='word_1_21' title='bbox 174 655 245 723; x_wconf 89' lang='lat' dir='ltr'>veri</span> <span class='ocrx_word' id='word_1_22' title='bbox 266 654 461 722; x_wconf 91' lang='lat' dir='ltr'>simillimum</span> <span class='ocrx_word' id='word_1_23' title='bbox 483 653 650 722; x_wconf 86' lang='lat' dir='ltr'>existimat</span> <span class='ocrx_word' id='word_1_24' title='bbox 668 656 782 742; x_wconf 86' lang='lat' dir='ltr'>(Beitr.</span> <span class='ocrx_word' id='word_1_25' title='bbox 806 676 836 738; x_wconf 88' lang='lat' dir='ltr'>p.</span> <span class='ocrx_word' id='word_1_26' title='bbox 853 660 993 740; x_wconf 77' lang='grc'>24522).</span> <span class='ocrx_word' id='word_1_27' title='bbox 1027 657 1109 723; x_wconf 90' lang='lat' dir='ltr'>Nam</span> <span class='ocrx_word' id='word_1_28' title='bbox 1128 655 1331 722; x_wconf 87' lang='lat' dir='ltr'>senariorum</span> 
     </span>
     <span class='ocr_line' id='line_1_5' title="bbox 173 765 1330 847; baseline -0.002 -16"><span class='ocrx_word' id='word_1_29' title='bbox 173 767 300 832; x_wconf 71' lang='lat' dir='ltr'>det-4</span> <span class='ocrx_word' id='word_1_30' title='bbox 319 783 390 830; x_wconf 91' lang='lat' dir='ltr'>cum</span> <span class='ocrx_word' id='word_1_31' title='bbox 409 767 636 847; x_wconf 82' lang='lat' dir='ltr'>argumentum</span> <span class='ocrx_word' id='word_1_32' title='bbox 657 765 692 830; x_wconf 94' lang='lat' dir='ltr'>in</span> <span class='ocrx_word' id='word_1_33' title='bbox 714 765 900 832; x_wconf 87' lang='lat' dir='ltr'>uniuersum</span> <span class='ocrx_word' id='word_1_34' title='bbox 921 769 990 832; x_wconf 88' lang='lat' dir='ltr'>tum</span> <span class='ocrx_word' id='word_1_35' title='bbox 1013 765 1210 832; x_wconf 87' lang='lat' dir='ltr'>omniafere</span> <span class='ocrx_word' id='word_1_36' title='bbox 1231 783 1330 831; x_wconf 85' lang='lat' dir='ltr'>uoca-</span> 
     </span>
     <span class='ocr_line' id='line_1_6' title="bbox 171 871 1329 957; baseline 0 -19"><span class='ocrx_word' id='word_1_37' title='bbox 171 873 248 938; x_wconf 86' lang='lat' dir='ltr'>bula</span> <span class='ocrx_word' id='word_1_38' title='bbox 275 872 397 953; x_wconf 77' lang='lat' dir='ltr'>repeti,</span> <span class='ocrx_word' id='word_1_39' title='bbox 426 875 497 937; x_wconf 73' lang='grc'>2252</span> <span class='ocrx_word' id='word_1_40' title='bbox 526 871 616 957; x_wconf 77' lang='grc' dir='ltr'>ἐμῶν</span> <span class='ocrx_word' id='word_1_41' title='bbox 648 873 755 955; x_wconf 80' lang='grc' dir='ltr'><em>φίλων</em></span> <span class='ocrx_word' id='word_1_42' title='bbox 782 875 847 940; x_wconf 78' lang='grc' dir='ltr'><strong><em>τινί</em></strong></span> <span class='ocrx_word' id='word_1_43' title='bbox 874 879 983 942; x_wconf 81' lang='lat' dir='ltr'>autem</span> <span class='ocrx_word' id='word_1_44' title='bbox 1013 874 1154 942; x_wconf 81' lang='lat' dir='ltr'>inveniri</span> <span class='ocrx_word' id='word_1_45' title='bbox 1181 891 1229 941; x_wconf 80' lang='lat' dir='ltr'>vs.</span> <span class='ocrx_word' id='word_1_46' title='bbox 1253 878 1329 940; x_wconf 83' lang='lat'><strong>639.</strong></span> 
     </span>
     <span class='ocr_line' id='line_1_7' title="bbox 170 978 1330 1069; baseline 0 -23"><span class='ocrx_word' id='word_1_47' title='bbox 170 979 297 1046; x_wconf 81' lang='lat' dir='ltr'>Deinde</span> <span class='ocrx_word' id='word_1_48' title='bbox 320 979 531 1061; x_wconf 83' lang='lat' dir='ltr'>suspicionem</span> <span class='ocrx_word' id='word_1_49' title='bbox 554 980 678 1048; x_wconf 83' lang='lat' dir='ltr'>moveri</span> <span class='ocrx_word' id='word_1_50' title='bbox 698 983 807 1048; x_wconf 84' lang='lat' dir='ltr'>verbis</span> <span class='ocrx_word' id='word_1_51' title='bbox 836 978 979 1069; x_wconf 74' lang='grc' dir='ltr'><em>ἀγγεῖλαι</em></span> <span class='ocrx_word' id='word_1_52' title='bbox 998 988 1033 1049; x_wconf 83' lang='lat' dir='ltr'>et</span> <span class='ocrx_word' id='word_1_53' title='bbox 1055 979 1228 1059; x_wconf 81' lang='grc' dir='ltr'><strong><em>ἐπιστολὰς</em></strong></span> <span class='ocrx_word' id='word_1_54' title='bbox 1248 980 1330 1066; x_wconf 82' lang='grc' dir='ltr'><em>πέμ-</em></span> 
     </span>
     <span class='ocr_line' id='line_1_8' title="bbox 170 1088 1329 1174; baseline 0.001 -19"><span class='ocrx_word' id='word_1_55' title='bbox 170 1089 351 1174; x_wconf 66' lang='lat' dir='ltr'>upentKu.)¹</span> <span class='ocrx_word' id='word_1_56' title='bbox 382 1089 473 1171; x_wconf 80' lang='lat' dir='ltr'>Tum,</span> <span class='ocrx_word' id='word_1_57' title='bbox 498 1089 526 1154; x_wconf 91' lang='lat' dir='ltr'>si</span> <span class='ocrx_word' id='word_1_58' title='bbox 546 1088 687 1155; x_wconf 84' lang='lat' dir='ltr'>trimetri</span> <span class='ocrx_word' id='word_1_59' title='bbox 699 1096 869 1158; x_wconf 77' lang='lat' dir='ltr'>dee-590</span> <span class='ocrx_word' id='word_1_60' title='bbox 881 1092 1100 1160; x_wconf 90' lang='lat' dir='ltr'>adnectantur</span> <span class='ocrx_word' id='word_1_61' title='bbox 1116 1090 1329 1174; x_wconf 73' lang='lat' dir='ltr'>praegressis</span> 
     </span>
     <span class='ocr_line' id='line_1_9' title="bbox 170 1191 1331 1285; baseline -0.002 -20"><span class='ocrx_word' id='word_1_62' title='bbox 170 1198 272 1266; x_wconf 81' lang='lat' dir='ltr'>uerba</span> <span class='ocrx_word' id='word_1_63' title='bbox 293 1192 333 1284; x_wconf 79' lang='grc' dir='ltr'>ἦν</span> <span class='ocrx_word' id='word_1_64' title='bbox 356 1222 406 1275; x_wconf 80' lang='grc' dir='ltr'>τις</span> <span class='ocrx_word' id='word_1_65' title='bbox 428 1197 645 1282; x_wconf 82' lang='grc' dir='ltr'><strong><em>οἰκτείρας-</em></strong></span> <span class='ocrx_word' id='word_1_66' title='bbox 660 1191 838 1285; x_wconf 68' lang='grc' dir='ltr'><em>ἡγουμένης</em></span> <span class='ocrx_word' id='word_1_67' title='bbox 863 1200 1033 1266; x_wconf 89' lang='lat' dir='ltr'>molestam</span> <span class='ocrx_word' id='word_1_68' title='bbox 1048 1201 1206 1282; x_wconf 90' lang='lat' dir='ltr'>praebere</span> <span class='ocrx_word' id='word_1_69' title='bbox 1227 1199 1331 1264; x_wconf 88' lang='grc'>12222-</span> 
     </span>
     <span class='ocr_line' id='line_1_10' title="bbox 173 1306 1333 1394; baseline -0.002 -22"><span class='ocrx_word' id='word_1_70' title='bbox 173 1308 348 1373; x_wconf 90' lang='lat' dir='ltr'>clusionem</span> <span class='ocrx_word' id='word_1_71' title='bbox 366 1306 466 1394; x_wconf 70' lang='lat' dir='ltr'>(Ka).</span> <span class='ocrx_word' id='word_1_72' title='bbox 503 1306 624 1373; x_wconf 82' lang='lat' dir='ltr'>Censet</span> <span class='ocrx_word' id='word_1_73' title='bbox 645 1311 753 1374; x_wconf 90' lang='lat' dir='ltr'>autem</span> <span class='ocrx_word' id='word_1_74' title='bbox 766 1307 906 1374; x_wconf 82' lang='lat' dir='ltr'>Krioala</span> <span class='ocrx_word' id='word_1_75' title='bbox 926 1308 1194 1389; x_wconf 81' lang='lat' dir='ltr'>interpolatorem</span> <span class='ocrx_word' id='word_1_76' title='bbox 1215 1323 1333 1375; x_wconf 85' lang='lat' dir='ltr'>versus</span> 
     </span>
     <span class='ocr_line' id='line_1_11' title="bbox 172 1413 1332 1498; baseline 0.001 -19"><span class='ocrx_word' id='word_1_77' title='bbox 172 1433 190 1479; x_wconf 91' lang='lat' dir='ltr'>e</span> <span class='ocrx_word' id='word_1_78' title='bbox 212 1431 276 1481; x_wconf 77' lang='lat' dir='ltr'>uss,</span> <span class='ocrx_word' id='word_1_79' title='bbox 301 1417 429 1480; x_wconf 79' lang='lat' dir='ltr'>eea-4</span> <span class='ocrx_word' id='word_1_80' title='bbox 451 1413 617 1480; x_wconf 85' lang='lat' dir='ltr'>confectos</span> <span class='ocrx_word' id='word_1_81' title='bbox 639 1419 813 1497; x_wconf 87' lang='lat' dir='ltr'>propterea</span> <span class='ocrx_word' id='word_1_82' title='bbox 836 1415 1017 1498; x_wconf 89' lang='lat' dir='ltr'>addidisse,</span> <span class='ocrx_word' id='word_1_83' title='bbox 1041 1415 1132 1497; x_wconf 90' lang='lat' dir='ltr'>quia,</span> <span class='ocrx_word' id='word_1_84' title='bbox 1163 1414 1332 1496; x_wconf 84' lang='grc'>22212121-</span> 
     </span>
     <span class='ocr_line' id='line_1_12' title="bbox 171 1521 1334 1606; baseline 0 -19"><span class='ocrx_word' id='word_1_85' title='bbox 171 1521 269 1605; x_wconf 80' lang='lat' dir='ltr'>genia</span> <span class='ocrx_word' id='word_1_86' title='bbox 298 1540 362 1587; x_wconf 93' lang='lat' dir='ltr'>non</span> <span class='ocrx_word' id='word_1_87' title='bbox 387 1541 445 1603; x_wconf 88' lang='lat' dir='ltr'>per</span> <span class='ocrx_word' id='word_1_88' title='bbox 474 1522 579 1604; x_wconf 87' lang='lat' dir='ltr'>ipsum</span> <span class='ocrx_word' id='word_1_89' title='bbox 608 1523 774 1606; x_wconf 86' lang='lat' dir='ltr'>captivum</span> <span class='ocrx_word' id='word_1_90' title='bbox 802 1521 1334 1606; x_wconf 75' lang='grc'>1112222122212222202222222</span> 
     </span>
     <span class='ocr_line' id='line_1_13' title="bbox 173 1630 1335 1717; baseline 0.001 -22"><span class='ocrx_word' id='word_1_91' title='bbox 173 1631 324 1713; x_wconf 84' lang='lat' dir='ltr'>misisset,</span> <span class='ocrx_word' id='word_1_92' title='bbox 348 1649 387 1696; x_wconf 92' lang='lat' dir='ltr'>ea</span> <span class='ocrx_word' id='word_1_93' title='bbox 410 1650 446 1696; x_wconf 90' lang='grc'>22</span> <span class='ocrx_word' id='word_1_94' title='bbox 470 1630 634 1713; x_wconf 83' lang='lat' dir='ltr'>explicare</span> <span class='ocrx_word' id='word_1_95' title='bbox 654 1631 805 1715; x_wconf 86' lang='lat' dir='ltr'>voluerit,</span> <span class='ocrx_word' id='word_1_96' title='bbox 829 1633 912 1713; x_wconf 85' lang='lat' dir='ltr'>quod</span> <span class='ocrx_word' id='word_1_97' title='bbox 931 1633 998 1717; x_wconf 92' lang='lat' dir='ltr'>ille,</span> <span class='ocrx_word' id='word_1_98' title='bbox 1020 1651 1091 1700; x_wconf 91' lang='lat' dir='ltr'>cum</span> <span class='ocrx_word' id='word_1_99' title='bbox 1112 1630 1335 1714; x_wconf 85' lang='lat' dir='ltr'>nonArgivus</span> 
     </span>
     <span class='ocr_line' id='line_1_14' title="bbox 172 1721 1337 1826; baseline 0.001 -22"><span class='ocrx_word' id='word_1_100' title='bbox 172 1721 320 1822; x_wconf 81' lang='lat' dir='ltr'>fuisset,&#39;</span> <span class='ocrx_word' id='word_1_101' title='bbox 338 1738 475 1804; x_wconf 86' lang='lat' dir='ltr'>salutem</span> <span class='ocrx_word' id='word_1_102' title='bbox 503 1743 620 1806; x_wconf 90' lang='lat' dir='ltr'>nactus</span> <span class='ocrx_word' id='word_1_103' title='bbox 642 1734 769 1826; x_wconf 74' lang='grc'>(222212</span> <span class='ocrx_word' id='word_1_104' title='bbox 787 1735 958 1826; x_wconf 76' lang='grc' dir='ltr'><em>εἰςἍργος</em></span> <span class='ocrx_word' id='word_1_105' title='bbox 980 1731 1105 1825; x_wconf 74' lang='grc' dir='ltr'><strong><em>αὖθις),</em></strong></span> <span class='ocrx_word' id='word_1_106' title='bbox 1136 1759 1201 1808; x_wconf 87' lang='grc'>222</span> <span class='ocrx_word' id='word_1_107' title='bbox 1222 1742 1337 1823; x_wconf 88' lang='lat' dir='ltr'>Argus</span> 
     </span>
     <span class='ocr_line' id='line_1_15' title="bbox 149 1845 1336 1933; baseline 0 -21"><span class='ocrx_word' id='word_1_108' title='bbox 149 1848 296 1924; x_wconf 68' lang='grc'>,1212222</span> <span class='ocrx_word' id='word_1_109' title='bbox 341 1845 406 1913; x_wconf 83' lang='lat' dir='ltr'>Sed</span> <span class='ocrx_word' id='word_1_110' title='bbox 434 1865 506 1911; x_wconf 92' lang='lat' dir='ltr'>cum</span> <span class='ocrx_word' id='word_1_111' title='bbox 530 1865 602 1912; x_wconf 90' lang='lat' dir='ltr'>eum</span> <span class='ocrx_word' id='word_1_112' title='bbox 624 1848 729 1931; x_wconf 86' lang='lat' dir='ltr'>Argos</span> <span class='ocrx_word' id='word_1_113' title='bbox 751 1867 814 1914; x_wconf 92' lang='grc'>222</span> <span class='ocrx_word' id='word_1_114' title='bbox 845 1867 955 1931; x_wconf 87' lang='grc'>22222,</span> <span class='ocrx_word' id='word_1_115' title='bbox 986 1867 1063 1933; x_wconf 87' lang='lat' dir='ltr'>ergo</span> <span class='ocrx_word' id='word_1_116' title='bbox 1085 1866 1149 1914; x_wconf 93' lang='lat' dir='ltr'>non</span> <span class='ocrx_word' id='word_1_117' title='bbox 1170 1847 1336 1930; x_wconf 82' lang='lat' dir='ltr'>Argivum</span> 
     </span>
    </p>
   </div>
   <div class='ocr_carea' id='block_1_3' title="bbox 78 1951 1337 4422">
    <p class='ocr_par' dir='ltr' id='par_1_3' title="bbox 172 1951 1335 2130">
     <span class='ocr_line' id='line_1_16' title="bbox 172 1951 1335 2039; baseline 0.003 -20"><span class='ocrx_word' id='word_1_118' title='bbox 172 1955 273 2020; x_wconf 81' lang='lat' dir='ltr'>tuisse</span> <span class='ocrx_word' id='word_1_119' title='bbox 296 1973 314 2020; x_wconf 93' lang='lat' dir='ltr'>e</span> <span class='ocrx_word' id='word_1_120' title='bbox 335 1973 382 2022; x_wconf 86' lang='lat' dir='ltr'>us.</span> <span class='ocrx_word' id='word_1_121' title='bbox 408 1961 469 2022; x_wconf 83' lang='lat'>592</span> <span class='ocrx_word' id='word_1_122' title='bbox 493 1955 575 2022; x_wconf 89' lang='lat' dir='ltr'>satis</span> <span class='ocrx_word' id='word_1_123' title='bbox 596 1962 765 2039; x_wconf 88' lang='lat' dir='ltr'>appareat,</span> <span class='ocrx_word' id='word_1_124' title='bbox 786 1957 868 2023; x_wconf 91' lang='lat' dir='ltr'>illud</span> <span class='ocrx_word' id='word_1_125' title='bbox 890 1956 1148 2024; x_wconf 89' lang='lat' dir='ltr'>additamentum</span> <span class='ocrx_word' id='word_1_126' title='bbox 1171 1955 1258 2022; x_wconf 91' lang='lat' dir='ltr'>haud</span> <span class='ocrx_word' id='word_1_127' title='bbox 1280 1951 1335 2022; x_wconf 87' lang='grc'>122</span> 
     </span>
     <span class='ocr_line' id='line_1_17' title="bbox 173 2063 494 2130; baseline 0 -2"><span class='ocrx_word' id='word_1_128' title='bbox 173 2063 391 2129; x_wconf 88' lang='lat' dir='ltr'>necessarium</span> <span class='ocrx_word' id='word_1_129' title='bbox 413 2081 494 2130; x_wconf 88' lang='lat' dir='ltr'>esse.</span> 
     </span>
    </p>

    <p class='ocr_par' dir='ltr' id='par_1_4' title="bbox 78 2170 1337 4422">
     <span class='ocr_line' id='line_1_18' title="bbox 275 2170 1335 2253; baseline -0.002 -17"><span class='ocrx_word' id='word_1_130' title='bbox 275 2172 324 2236; x_wconf 85' lang='lat' dir='ltr'>Ac</span> <span class='ocrx_word' id='word_1_131' title='bbox 353 2171 581 2253; x_wconf 86' lang='lat' dir='ltr'>repetitionem</span> <span class='ocrx_word' id='word_1_132' title='bbox 603 2171 695 2237; x_wconf 92' lang='lat' dir='ltr'>illam</span> <span class='ocrx_word' id='word_1_133' title='bbox 722 2171 756 2237; x_wconf 90' lang='grc'>12</span> <span class='ocrx_word' id='word_1_134' title='bbox 779 2171 924 2238; x_wconf 87' lang='lat' dir='ltr'>codicum</span> <span class='ocrx_word' id='word_1_135' title='bbox 945 2171 1087 2238; x_wconf 89' lang='lat' dir='ltr'>lectione</span> <span class='ocrx_word' id='word_1_136' title='bbox 1109 2170 1216 2236; x_wconf 89' lang='lat' dir='ltr'>inesse</span> <span class='ocrx_word' id='word_1_137' title='bbox 1236 2187 1335 2236; x_wconf 91' lang='lat' dir='ltr'>nemo</span> 
     </span>
     <span class='ocr_line' id='line_1_19' title="bbox 173 2273 1336 2365; baseline -0.002 -20"><span class='ocrx_word' id='word_1_138' title='bbox 173 2283 224 2345; x_wconf 87' lang='lat' dir='ltr'>est</span> <span class='ocrx_word' id='word_1_139' title='bbox 244 2280 319 2360; x_wconf 85' lang='lat' dir='ltr'>quin</span> <span class='ocrx_word' id='word_1_140' title='bbox 343 2281 511 2348; x_wconf 89' lang='lat' dir='ltr'>concedat.</span> <span class='ocrx_word' id='word_1_141' title='bbox 555 2280 619 2347; x_wconf 85' lang='lat' dir='ltr'>Sed</span> <span class='ocrx_word' id='word_1_142' title='bbox 640 2279 940 2346; x_wconf 85' lang='lat' dir='ltr'>librariusformam</span> <span class='ocrx_word' id='word_1_143' title='bbox 953 2273 1105 2365; x_wconf 74' lang='grc' dir='ltr'><em>ἀγγεῖλαι,</em></span> <span class='ocrx_word' id='word_1_144' title='bbox 1129 2297 1234 2360; x_wconf 90' lang='lat' dir='ltr'>quam,</span> <span class='ocrx_word' id='word_1_145' title='bbox 1259 2295 1336 2344; x_wconf 87' lang='lat' dir='ltr'>cum</span> 
     </span>
     <span class='ocr_line' id='line_1_20' title="bbox 172 2386 1331 2476; baseline -0.001 -23"><span class='ocrx_word' id='word_1_146' title='bbox 172 2387 269 2469; x_wconf 91' lang='lat' dir='ltr'>paulo</span> <span class='ocrx_word' id='word_1_147' title='bbox 299 2392 399 2454; x_wconf 92' lang='lat' dir='ltr'>antea</span> <span class='ocrx_word' id='word_1_148' title='bbox 428 2389 473 2476; x_wconf 91' lang='lat' dir='ltr'>(v.</span> <span class='ocrx_word' id='word_1_149' title='bbox 497 2389 574 2475; x_wconf 79' lang='grc'>582)</span> <span class='ocrx_word' id='word_1_150' title='bbox 605 2386 804 2470; x_wconf 79' lang='lat' dir='ltr'>scripsisset,</span> <span class='ocrx_word' id='word_1_151' title='bbox 839 2387 980 2453; x_wconf 86' lang='lat' dir='ltr'>fortasse</span> <span class='ocrx_word' id='word_1_152' title='bbox 1006 2386 1159 2454; x_wconf 88' lang='lat' dir='ltr'>memoria</span> <span class='ocrx_word' id='word_1_153' title='bbox 1186 2390 1331 2470; x_wconf 89' lang='lat' dir='ltr'>teneret,</span> 
     </span>
     <span class='ocr_line' id='line_1_21' title="bbox 171 2495 1335 2577; baseline 0.001 -17"><span class='ocrx_word' id='word_1_154' title='bbox 171 2495 384 2562; x_wconf 70' lang='lat' dir='ltr'>‘similitudine</span> <span class='ocrx_word' id='word_1_155' title='bbox 410 2499 579 2577; x_wconf 87' lang='lat' dir='ltr'>utriusque</span> <span class='ocrx_word' id='word_1_156' title='bbox 607 2496 670 2563; x_wconf 91' lang='lat' dir='ltr'>loci</span> <span class='ocrx_word' id='word_1_157' title='bbox 700 2499 876 2561; x_wconf 89' lang='lat' dir='ltr'>commotus</span> <span class='ocrx_word' id='word_1_158' title='bbox 898 2513 956 2577; x_wconf 89' lang='lat' dir='ltr'>per</span> <span class='ocrx_word' id='word_1_159' title='bbox 977 2513 1117 2561; x_wconf 88' lang='lat' dir='ltr'>errorem</span> <span class='ocrx_word' id='word_1_160' title='bbox 1145 2495 1179 2560; x_wconf 93' lang='lat' dir='ltr'>in</span> <span class='ocrx_word' id='word_1_161' title='bbox 1202 2497 1335 2561; x_wconf 86' lang='lat' dir='ltr'>textum</span> 
     </span>
     <span class='ocr_line' id='line_1_22' title="bbox 174 2597 1336 2688; baseline -0.003 -17"><span class='ocrx_word' id='word_1_162' title='bbox 174 2603 305 2671; x_wconf 87' lang='lat' dir='ltr'>videtur</span> <span class='ocrx_word' id='word_1_163' title='bbox 325 2605 496 2687; x_wconf 87' lang='lat' dir='ltr'>recepisse.</span> <span class='ocrx_word' id='word_1_164' title='bbox 540 2604 689 2687; x_wconf 82' lang='lat' dir='ltr'>Frustra,</span> <span class='ocrx_word' id='word_1_165' title='bbox 713 2603 835 2687; x_wconf 89' lang='lat' dir='ltr'>opinor,</span> <span class='ocrx_word' id='word_1_166' title='bbox 859 2621 931 2670; x_wconf 92' lang='lat' dir='ltr'>eam</span> <span class='ocrx_word' id='word_1_167' title='bbox 942 2601 1206 2670; x_wconf 87' lang='lat' dir='ltr'>Klotziusverba</span> <span class='ocrx_word' id='word_1_168' title='bbox 1226 2597 1336 2688; x_wconf 72' lang='grc' dir='ltr'><em>ἀγγεῖ-</em></span> 
     </span>
     <span class='ocr_line' id='line_1_23' title="bbox 174 2708 1336 2796; baseline 0.003 -22"><span class='ocrx_word' id='word_1_169' title='bbox 174 2715 227 2775; x_wconf 79' lang='grc' dir='ltr'>λαι</span> <span class='ocrx_word' id='word_1_170' title='bbox 256 2708 369 2796; x_wconf 74' lang='grc' dir='ltr'><em>μολὼν</em></span> <span class='ocrx_word' id='word_1_171' title='bbox 397 2712 620 2794; x_wconf 88' lang='lat' dir='ltr'>interpretans</span> <span class='ocrx_word' id='word_1_172' title='bbox 647 2731 741 2795; x_wconf 92' lang='lat' dir='ltr'>„cum</span> <span class='ocrx_word' id='word_1_173' title='bbox 770 2712 955 2778; x_wconf 89' lang='lat' dir='ltr'>nuntiatum</span> <span class='ocrx_word' id='word_1_174' title='bbox 982 2711 1148 2778; x_wconf 85' lang='lat' dir='ltr'>uenisset“</span> <span class='ocrx_word' id='word_1_175' title='bbox 1168 2710 1336 2795; x_wconf 83' lang='lat' dir='ltr'>defendit,</span> 
     </span>
     <span class='ocr_line' id='line_1_24' title="bbox 174 2817 1337 2899; baseline -0.001 -14"><span class='ocrx_word' id='word_1_176' title='bbox 174 2818 250 2899; x_wconf 88' lang='lat' dir='ltr'>quia</span> <span class='ocrx_word' id='word_1_177' title='bbox 271 2819 438 2886; x_wconf 87' lang='lat' dir='ltr'>sententia</span> <span class='ocrx_word' id='word_1_178' title='bbox 459 2838 568 2886; x_wconf 89' lang='lat' dir='ltr'>eorum</span> <span class='ocrx_word' id='word_1_179' title='bbox 593 2819 628 2884; x_wconf 95' lang='lat' dir='ltr'>in</span> <span class='ocrx_word' id='word_1_180' title='bbox 649 2819 920 2886; x_wconf 78' lang='lat' dir='ltr'>antecedentibus</span> <span class='ocrx_word' id='word_1_181' title='bbox 939 2837 1004 2886; x_wconf 91' lang='lat' dir='ltr'>non</span> <span class='ocrx_word' id='word_1_182' title='bbox 1030 2818 1131 2884; x_wconf 85' lang='lat' dir='ltr'>habet</span> <span class='ocrx_word' id='word_1_183' title='bbox 1157 2835 1218 2899; x_wconf 91' lang='lat' dir='ltr'>quo</span> <span class='ocrx_word' id='word_1_184' title='bbox 1246 2817 1337 2884; x_wconf 87' lang='lat' dir='ltr'>nita·</span> 
     </span>
     <span class='ocr_line' id='line_1_25' title="bbox 176 2925 1337 3010; baseline 0.002 -19"><span class='ocrx_word' id='word_1_185' title='bbox 176 2932 239 2992; x_wconf 89' lang='lat' dir='ltr'>tur.</span> <span class='ocrx_word' id='word_1_186' title='bbox 284 2927 455 3010; x_wconf 86' lang='lat' dir='ltr'>Iphigenia</span> <span class='ocrx_word' id='word_1_187' title='bbox 481 2927 566 2994; x_wconf 93' lang='lat' dir='ltr'>enim</span> <span class='ocrx_word' id='word_1_188' title='bbox 588 2927 658 2994; x_wconf 90' lang='grc'>2122</span> <span class='ocrx_word' id='word_1_189' title='bbox 681 2927 777 2994; x_wconf 90' lang='lat' dir='ltr'>dnbio</span> <span class='ocrx_word' id='word_1_190' title='bbox 808 2926 991 3008; x_wconf 82' lang='lat' dir='ltr'>intellexit,</span> <span class='ocrx_word' id='word_1_191' title='bbox 1020 2925 1171 2992; x_wconf 87' lang='lat' dir='ltr'>Orestem</span> <span class='ocrx_word' id='word_1_192' title='bbox 1200 2943 1265 2992; x_wconf 92' lang='lat' dir='ltr'>non</span> <span class='ocrx_word' id='word_1_193' title='bbox 1296 2945 1337 2993; x_wconf 89' lang='lat' dir='ltr'>eo</span> 
     </span>
     <span class='ocr_line' id='line_1_26' title="bbox 174 3034 1336 3118; baseline 0 -18"><span class='ocrx_word' id='word_1_194' title='bbox 174 3034 317 3117; x_wconf 89' lang='lat' dir='ltr'>consilio,</span> <span class='ocrx_word' id='word_1_195' title='bbox 341 3039 378 3102; x_wconf 89' lang='grc'>22</span> <span class='ocrx_word' id='word_1_196' title='bbox 399 3036 441 3101; x_wconf 88' lang='lat' dir='ltr'>ad</span> <span class='ocrx_word' id='word_1_197' title='bbox 464 3036 567 3118; x_wconf 87' lang='lat' dir='ltr'>ipsam</span> <span class='ocrx_word' id='word_1_198' title='bbox 589 3035 721 3102; x_wconf 89' lang='lat' dir='ltr'>nuntios</span> <span class='ocrx_word' id='word_1_199' title='bbox 739 3035 880 3117; x_wconf 83' lang='lat' dir='ltr'>Argivos</span> <span class='ocrx_word' id='word_1_200' title='bbox 900 3034 1074 3118; x_wconf 87' lang='lat' dir='ltr'>perferret,</span> <span class='ocrx_word' id='word_1_201' title='bbox 1097 3034 1336 3102; x_wconf 76' lang='grc'>1212222222</span> 
     </span>
     <span class='ocr_line' id='line_1_27' title="bbox 174 3141 1337 3227; baseline 0 -19"><span class='ocrx_word' id='word_1_202' title='bbox 174 3143 256 3209; x_wconf 87' lang='lat' dir='ltr'>fines</span> <span class='ocrx_word' id='word_1_203' title='bbox 276 3142 413 3209; x_wconf 86' lang='lat' dir='ltr'>uenisse.</span> <span class='ocrx_word' id='word_1_204' title='bbox 458 3142 596 3210; x_wconf 90' lang='lat' dir='ltr'>Praeter</span> <span class='ocrx_word' id='word_1_205' title='bbox 623 3145 685 3211; x_wconf 92' lang='lat' dir='ltr'>hoc</span> <span class='ocrx_word' id='word_1_206' title='bbox 706 3147 934 3227; x_wconf 84' lang='lat' dir='ltr'>argumentum</span> <span class='ocrx_word' id='word_1_207' title='bbox 959 3148 1074 3211; x_wconf 89' lang='lat' dir='ltr'>contra</span> <span class='ocrx_word' id='word_1_208' title='bbox 1095 3141 1235 3210; x_wconf 83' lang='lat' dir='ltr'>Scidleri</span> <span class='ocrx_word' id='word_1_209' title='bbox 1257 3162 1337 3209; x_wconf 92' lang='lat' dir='ltr'>con-</span> 
     </span>
     <span class='ocr_line' id='line_1_28' title="bbox 172 3246 1335 3338; baseline 0 -22"><span class='ocrx_word' id='word_1_210' title='bbox 172 3251 333 3318; x_wconf 88' lang='lat' dir='ltr'>iecturam</span> <span class='ocrx_word' id='word_1_211' title='bbox 351 3246 513 3338; x_wconf 75' lang='grc' dir='ltr'><strong><em>ᾰγγείλας,</em></strong></span> <span class='ocrx_word' id='word_1_212' title='bbox 541 3271 624 3334; x_wconf 90' lang='lat' dir='ltr'>quae</span> <span class='ocrx_word' id='word_1_213' title='bbox 656 3253 695 3320; x_wconf 80' lang='lat' dir='ltr'>G.</span> <span class='ocrx_word' id='word_1_214' title='bbox 723 3252 910 3318; x_wconf 91' lang='lat' dir='ltr'>Hermanno</span> <span class='ocrx_word' id='word_1_215' title='bbox 939 3270 1004 3318; x_wconf 93' lang='lat' dir='ltr'>non</span> <span class='ocrx_word' id='word_1_216' title='bbox 1032 3251 1216 3333; x_wconf 76' lang='lat' dir='ltr'>displicuit,</span> <span class='ocrx_word' id='word_1_217' title='bbox 1246 3249 1335 3318; x_wconf 87' lang='lat' dir='ltr'>Har-</span> 
     </span>
     <span class='ocr_line' id='line_1_29' title="bbox 174 3359 1336 3444; baseline 0.001 -20"><span class='ocrx_word' id='word_1_218' title='bbox 174 3359 323 3444; x_wconf 89' lang='lat' dir='ltr'>tungium</span> <span class='ocrx_word' id='word_1_219' title='bbox 346 3377 402 3425; x_wconf 89' lang='lat' dir='ltr'>suo</span> <span class='ocrx_word' id='word_1_220' title='bbox 424 3359 494 3427; x_wconf 89' lang='lat' dir='ltr'>iure</span> <span class='ocrx_word' id='word_1_221' title='bbox 517 3360 672 3427; x_wconf 89' lang='lat' dir='ltr'>etiamid</span> <span class='ocrx_word' id='word_1_222' title='bbox 693 3360 867 3443; x_wconf 91' lang='lat' dir='ltr'>protulisse</span> <span class='ocrx_word' id='word_1_223' title='bbox 881 3359 1022 3426; x_wconf 84' lang='lat' dir='ltr'>Kuicala</span> <span class='ocrx_word' id='word_1_224' title='bbox 1044 3359 1234 3442; x_wconf 87' lang='lat' dir='ltr'>arbitratur,</span> <span class='ocrx_word' id='word_1_225' title='bbox 1257 3377 1336 3440; x_wconf 92' lang='lat' dir='ltr'>poe-</span> 
     </span>
     <span class='ocr_line' id='line_1_30' title="bbox 175 3467 1336 3552; baseline 0 -18"><span class='ocrx_word' id='word_1_226' title='bbox 175 3472 244 3534; x_wconf 91' lang='lat' dir='ltr'>tam</span> <span class='ocrx_word' id='word_1_227' title='bbox 265 3469 349 3534; x_wconf 90' lang='lat' dir='ltr'>hano</span> <span class='ocrx_word' id='word_1_228' title='bbox 370 3485 448 3550; x_wconf 85' lang='lat' dir='ltr'>rem,</span> <span class='ocrx_word' id='word_1_229' title='bbox 472 3469 500 3535; x_wconf 90' lang='grc'>21</span> <span class='ocrx_word' id='word_1_230' title='bbox 521 3469 555 3534; x_wconf 91' lang='grc'>12</span> <span class='ocrx_word' id='word_1_231' title='bbox 577 3469 683 3536; x_wconf 90' lang='lat' dir='ltr'>animo</span> <span class='ocrx_word' id='word_1_232' title='bbox 705 3469 883 3552; x_wconf 88' lang='lat' dir='ltr'>habuisset,</span> <span class='ocrx_word' id='word_1_233' title='bbox 905 3472 995 3535; x_wconf 91' lang='lat' dir='ltr'>certe</span> <span class='ocrx_word' id='word_1_234' title='bbox 1014 3485 1081 3534; x_wconf 89' lang='lat' dir='ltr'>non</span> <span class='ocrx_word' id='word_1_235' title='bbox 1096 3473 1167 3534; x_wconf 89' lang='lat' dir='ltr'>tam</span> <span class='ocrx_word' id='word_1_236' title='bbox 1180 3467 1336 3534; x_wconf 89' lang='lat' dir='ltr'>universe</span> 
     </span>
     <span class='ocr_line' id='line_1_31' title="bbox 175 3567 1335 3660; baseline 0 -18"><span class='ocrx_word' id='word_1_237' title='bbox 175 3595 280 3658; x_wconf 90' lang='lat' dir='ltr'>neque</span> <span class='ocrx_word' id='word_1_238' title='bbox 317 3593 381 3642; x_wconf 94' lang='lat' dir='ltr'>uno</span> <span class='ocrx_word' id='word_1_239' title='bbox 423 3578 523 3644; x_wconf 87' lang='lat' dir='ltr'>uerbo</span> <span class='ocrx_word' id='word_1_240' title='bbox 567 3595 792 3660; x_wconf 80' lang='lat' dir='ltr'>expressorum</span> <span class='ocrx_word' id='word_1_241' title='bbox 833 3577 943 3644; x_wconf 85' lang='grc'>121222.</span> <span class='ocrx_word' id='word_1_242' title='bbox 1002 3574 1185 3642; x_wconf 89' lang='lat' dir='ltr'>Mutatione</span> <span class='ocrx_word' id='word_1_243' title='bbox 1221 3567 1335 3642; x_wconf 86' lang='lat' dir='ltr'>autem</span> 
     </span>
     <span class='ocr_line' id='line_1_32' title="bbox 175 3680 1336 3772; baseline 0.003 -23"><span class='ocrx_word' id='word_1_244' title='bbox 175 3680 332 3772; x_wconf 73' lang='grc' dir='ltr'><em>ἀγγείλαι,</em></span> <span class='ocrx_word' id='word_1_245' title='bbox 378 3703 473 3764; x_wconf 92' lang='lat' dir='ltr'>quam</span> <span class='ocrx_word' id='word_1_246' title='bbox 526 3684 646 3752; x_wconf 88' lang='lat' dir='ltr'>Portus</span> <span class='ocrx_word' id='word_1_247' title='bbox 682 3686 865 3769; x_wconf 90' lang='lat' dir='ltr'>proposuit,</span> <span class='ocrx_word' id='word_1_248' title='bbox 899 3685 1129 3768; x_wconf 85' lang='lat' dir='ltr'>Marklandus,</span> <span class='ocrx_word' id='word_1_249' title='bbox 1167 3684 1336 3752; x_wconf 83' lang='lat' dir='ltr'>Seidlems</span> 
     </span>
     <span class='ocr_line' id='line_1_33' title="bbox 78 3783 1333 3881; baseline -0.002 -22"><span class='ocrx_word' id='word_1_250' title='bbox 78 3809 90 3830; x_wconf 73' lang='grc'><strong><em>”</em></strong></span> <span class='ocrx_word' id='word_1_251' title='bbox 174 3786 279 3880; x_wconf 81' lang='grc' dir='ltr'>(ὅστις</span> <span class='ocrx_word' id='word_1_252' title='bbox 296 3787 437 3879; x_wconf 78' lang='grc' dir='ltr'><em>ἀγγείλαι</em></span> <span class='ocrx_word' id='word_1_253' title='bbox 456 3789 570 3878; x_wconf 65' lang='lat' dir='ltr'>potuit&gt;</span> <span class='ocrx_word' id='word_1_254' title='bbox 584 3795 643 3872; x_wconf 86' lang='grc' dir='ltr'>Εἰς</span> <span class='ocrx_word' id='word_1_255' title='bbox 655 3788 772 3879; x_wconf 73' lang='grc' dir='ltr'><em>’Ἄργος</em></span> <span class='ocrx_word' id='word_1_256' title='bbox 794 3783 891 3872; x_wconf 75' lang='grc' dir='ltr'><strong><em>αὖθις</em></strong></span> <span class='ocrx_word' id='word_1_257' title='bbox 911 3789 969 3871; x_wconf 83' lang='grc' dir='ltr'>τὰς</span> <span class='ocrx_word' id='word_1_258' title='bbox 991 3787 1019 3858; x_wconf 65' lang='lat' dir='ltr'>d⁹</span> <span class='ocrx_word' id='word_1_259' title='bbox 1039 3789 1116 3878; x_wconf 79' lang='grc' dir='ltr'><strong><em>ἐμὰς</em></strong></span> <span class='ocrx_word' id='word_1_260' title='bbox 1135 3789 1333 3881; x_wconf 78' lang='grc' dir='ltr'><strong><em>ἐπιστολὰς),</em></strong></span> 
     </span>
     <span class='ocr_line' id='line_1_34' title="bbox 176 3897 1335 3990; baseline 0.003 -25"><span class='ocrx_word' id='word_1_261' title='bbox 176 3901 351 3968; x_wconf 88' lang='lat' dir='ltr'>Elmsleius</span> <span class='ocrx_word' id='word_1_262' title='bbox 373 3898 447 3989; x_wconf 77' lang='grc' dir='ltr'>(τὰς</span> <span class='ocrx_word' id='word_1_263' title='bbox 466 3897 494 3966; x_wconf 81' lang='grc' dir='ltr'>τ’</span> <span class='ocrx_word' id='word_1_264' title='bbox 515 3897 592 3987; x_wconf 82' lang='grc' dir='ltr'><em>ἐμὰς</em></span> <span class='ocrx_word' id='word_1_265' title='bbox 614 3900 679 3990; x_wconf 80' lang='grc' dir='ltr'>ἐπ.)</span> <span class='ocrx_word' id='word_1_266' title='bbox 702 3920 837 3984; x_wconf 89' lang='lat' dir='ltr'>eumque</span> <span class='ocrx_word' id='word_1_267' title='bbox 860 3901 964 3969; x_wconf 88' lang='grc'>222221</span> <span class='ocrx_word' id='word_1_268' title='bbox 974 3899 1195 3968; x_wconf 87' lang='lat' dir='ltr'>Kirchhoffius</span> <span class='ocrx_word' id='word_1_269' title='bbox 1206 3900 1335 3968; x_wconf 88' lang='lat' dir='ltr'>Koech-</span> 
     </span>
     <span class='ocr_line' id='line_1_35' title="bbox 176 4007 1334 4093; baseline 0.006 -23"><span class='ocrx_word' id='word_1_270' title='bbox 176 4007 249 4089; x_wconf 88' lang='lat' dir='ltr'>lyus</span> <span class='ocrx_word' id='word_1_271' title='bbox 264 4009 433 4092; x_wconf 84' lang='lat' dir='ltr'>Zieglerus</span> <span class='ocrx_word' id='word_1_272' title='bbox 451 4010 598 4076; x_wconf 89' lang='lat' dir='ltr'>Bauerus</span> <span class='ocrx_word' id='word_1_273' title='bbox 621 4012 841 4092; x_wconf 88' lang='lat' dir='ltr'>comprobant,</span> <span class='ocrx_word' id='word_1_274' title='bbox 862 4009 1046 4093; x_wconf 89' lang='lat' dir='ltr'>tautologia</span> <span class='ocrx_word' id='word_1_275' title='bbox 1067 4009 1219 4077; x_wconf 85' lang='lat' dir='ltr'>efficitur.</span> <span class='ocrx_word' id='word_1_276' title='bbox 1264 4009 1334 4077; x_wconf 89' lang='lat' dir='ltr'>Ita·</span> 
     </span>
     <span class='ocr_line' id='line_1_36' title="bbox 176 4113 1334 4205; baseline 0.005 -25"><span class='ocrx_word' id='word_1_277' title='bbox 176 4133 238 4194; x_wconf 87' lang='lat' dir='ltr'>que</span> <span class='ocrx_word' id='word_1_278' title='bbox 259 4117 436 4184; x_wconf 83' lang='lat' dir='ltr'>Schoenins</span> <span class='ocrx_word' id='word_1_279' title='bbox 459 4118 662 4186; x_wconf 88' lang='lat' dir='ltr'>scribendum</span> <span class='ocrx_word' id='word_1_280' title='bbox 686 4119 782 4186; x_wconf 87' lang='lat' dir='ltr'>iussit</span> <span class='ocrx_word' id='word_1_281' title='bbox 794 4113 956 4205; x_wconf 79' lang='grc' dir='ltr'><strong><em>Ἀργόλας,</em></strong></span> <span class='ocrx_word' id='word_1_282' title='bbox 980 4118 1036 4202; x_wconf 93' lang='lat' dir='ltr'>„in</span> <span class='ocrx_word' id='word_1_283' title='bbox 1058 4137 1119 4198; x_wconf 90' lang='lat' dir='ltr'>quo</span> <span class='ocrx_word' id='word_1_284' title='bbox 1139 4138 1216 4186; x_wconf 87' lang='lat' dir='ltr'>rara</span> <span class='ocrx_word' id='word_1_285' title='bbox 1237 4136 1334 4186; x_wconf 89' lang='lat' dir='ltr'>voca-</span> 
     </span>
     <span class='ocr_line' id='line_1_37' title="bbox 176 4222 1335 4311; baseline 0.005 -25"><span class='ocrx_word' id='word_1_286' title='bbox 176 4222 243 4287; x_wconf 91' lang='lat' dir='ltr'>buli</span> <span class='ocrx_word' id='word_1_287' title='bbox 281 4224 385 4291; x_wconf 82' lang='grc'>122222</span> <span class='ocrx_word' id='word_1_288' title='bbox 419 4225 588 4293; x_wconf 82' lang='grc'>2112221221</span> <span class='ocrx_word' id='word_1_289' title='bbox 620 4231 724 4311; x_wconf 85' lang='grc'>222“,’</span> <span class='ocrx_word' id='word_1_290' title='bbox 743 4227 1009 4309; x_wconf 90' lang='lat' dir='ltr'>quemadmodum</span> <span class='ocrx_word' id='word_1_291' title='bbox 1039 4225 1335 4294; x_wconf 84' lang='lat' dir='ltr'>Rauchensteinins</span> 
     </span>
     <span class='ocr_line' id='line_1_38' title="bbox 178 4331 1334 4422; baseline 0.005 -25"><span class='ocrx_word' id='word_1_292' title='bbox 178 4333 316 4397; x_wconf 90' lang='lat' dir='ltr'>annotat</span> <span class='ocrx_word' id='word_1_293' title='bbox 338 4331 472 4418; x_wconf 87' lang='lat' dir='ltr'>(disput.</span> <span class='ocrx_word' id='word_1_294' title='bbox 488 4354 518 4417; x_wconf 94' lang='lat' dir='ltr'>p.</span> <span class='ocrx_word' id='word_1_295' title='bbox 535 4337 604 4422; x_wconf 88' lang='grc'>12);</span> <span class='ocrx_word' id='word_1_296' title='bbox 626 4336 684 4402; x_wconf 88' lang='lat' dir='ltr'>sed</span> <span class='ocrx_word' id='word_1_297' title='bbox 704 4341 861 4418; x_wconf 88' lang='lat' dir='ltr'>quantum</span> <span class='ocrx_word' id='word_1_298' title='bbox 882 4336 966 4419; x_wconf 91' lang='lat' dir='ltr'>scio,</span> <span class='ocrx_word' id='word_1_299' title='bbox 993 4337 1075 4403; x_wconf 88' lang='lat' dir='ltr'>haec</span> <span class='ocrx_word' id='word_1_300' title='bbox 1093 4354 1158 4406; x_wconf 86' lang='lat' dir='ltr'>vox</span> <span class='ocrx_word' id='word_1_301' title='bbox 1177 4337 1212 4403; x_wconf 93' lang='grc'>12</span> <span class='ocrx_word' id='word_1_302' title='bbox 1234 4337 1334 4418; x_wconf 86' lang='grc'>22212-</span> 
     </span>
    </p>
   </div>
   <div class='ocr_carea' id='block_1_4' title="bbox 0 0 1508 4902">
    <p class='ocr_par' dir='ltr' id='par_1_5' title="bbox 0 0 1508 4902">
     <span class='ocr_line' id='line_1_39' title="bbox 0 0 1508 4902; baseline 0 0"><span class='ocrx_word' id='word_1_303' title='bbox 0 0 1508 4902; x_wconf 95' lang='lat' dir='ltr'> </span> 
     </span>
    </p>
   </div>
  </div>
 </body>
</html>
