<?xml version="1.0" encoding="UTF-8"?>
<!DOCTYPE html PUBLIC "-//W3C//DTD XHTML 1.0 Transitional//EN"
    "http://www.w3.org/TR/xhtml1/DTD/xhtml1-transitional.dtd">
<html xmlns="http://www.w3.org/1999/xhtml" xml:lang="en" lang="en">
 <head>
  <title>
</title>
<meta http-equiv="Content-Type" content="text/html;charset=utf-8" />
  <meta name='ocr-system' content='tesseract 3.04.00' />
  <meta name='ocr-capabilities' content='ocr_page ocr_carea ocr_par ocr_line ocrx_word'/>
</head>
<body>
  <div class='ocr_page' id='page_1' title='image "./deversibussuspe00schugoog_0086.png"; bbox 0 0 2994 4902; ppageno 0'>
   <div class='ocr_carea' id='block_1_1' title="bbox 528 699 855 867">
    <p class='ocr_par' dir='ltr' id='par_1_1' title="bbox 528 699 855 867">
     <span class='ocr_line' id='line_1_1' title="bbox 528 699 855 867; baseline 0.006 -3"><span class='ocrx_word' id='word_1_1' title='bbox 528 699 533 712; x_wconf 37' lang='grc'>’</span> <span class='ocrx_word' id='word_1_2' title='bbox 669 755 855 867; x_wconf 84' lang='lat' dir='ltr'><strong>Vita.</strong></span> 
     </span>
    </p>
   </div>
   <div class='ocr_carea' id='block_1_2' title="bbox 184 1187 1347 2324">
    <p class='ocr_par' dir='ltr' id='par_1_2' title="bbox 184 1187 1347 2324">
     <span class='ocr_line' id='line_1_2' title="bbox 287 1187 1344 1270; baseline -0.004 0"><span class='ocrx_word' id='word_1_3' title='bbox 287 1203 423 1270; x_wconf 80' lang='lat' dir='ltr'><strong>Carolus</strong></span> <span class='ocrx_word' id='word_1_4' title='bbox 444 1187 603 1270; x_wconf 84' lang='lat' dir='ltr'><strong>Rudoltus</strong></span> <span class='ocrx_word' id='word_1_5' title='bbox 626 1203 764 1270; x_wconf 83' lang='lat' dir='ltr'><strong>Schulze</strong></span> <span class='ocrx_word' id='word_1_6' title='bbox 786 1201 972 1270; x_wconf 89' lang='lat' dir='ltr'><strong>Wiehensis</strong></span> <span class='ocrx_word' id='word_1_7' title='bbox 999 1205 1097 1268; x_wconf 89' lang='lat' dir='ltr'><strong>uatus</strong></span> <span class='ocrx_word' id='word_1_8' title='bbox 1119 1219 1189 1267; x_wconf 88' lang='lat' dir='ltr'><strong>sum</strong></span> <span class='ocrx_word' id='word_1_9' title='bbox 1210 1199 1267 1266; x_wconf 91' lang='lat' dir='ltr'><strong>IV.</strong></span> <span class='ocrx_word' id='word_1_10' title='bbox 1292 1201 1344 1266; x_wconf 74' lang='lat' dir='ltr'><strong>«lia</strong></span> 
     </span>
     <span class='ocr_line' id='line_1_3' title="bbox 184 1301 1344 1416; baseline -0.002 -18"><span class='ocrx_word' id='word_1_11' title='bbox 184 1339 263 1398; x_wconf 89' lang='lat' dir='ltr'><strong>ante</strong></span> <span class='ocrx_word' id='word_1_12' title='bbox 290 1301 369 1400; x_wconf 81' lang='lat' dir='ltr'><strong>Irlus</strong></span> <span class='ocrx_word' id='word_1_13' title='bbox 396 1333 605 1416; x_wconf 79' lang='lat' dir='ltr'><strong>Septembres</strong></span> <span class='ocrx_word' id='word_1_14' title='bbox 622 1333 827 1416; x_wconf 84' lang='lat' dir='ltr'>MDCCCLI,</span> <span class='ocrx_word' id='word_1_15' title='bbox 849 1337 945 1416; x_wconf 89' lang='lat' dir='ltr'><strong>patre</strong></span> <span class='ocrx_word' id='word_1_16' title='bbox 969 1332 1101 1414; x_wconf 84' lang='lat' dir='ltr'><strong>Carolo,</strong></span> <span class='ocrx_word' id='word_1_17' title='bbox 1130 1335 1236 1397; x_wconf 90' lang='lat' dir='ltr'><strong>matre</strong></span> <span class='ocrx_word' id='word_1_18' title='bbox 1258 1332 1344 1396; x_wconf 79' lang='lat' dir='ltr'><strong>&#39;Pha-</strong></span> 
     </span>
     <span class='ocr_line' id='line_1_4' title="bbox 187 1461 1345 1547; baseline 0.002 -22"><span class='ocrx_word' id='word_1_19' title='bbox 187 1462 273 1528; x_wconf 90' lang='lat' dir='ltr'><strong>resia</strong></span> <span class='ocrx_word' id='word_1_20' title='bbox 294 1481 313 1529; x_wconf 93' lang='lat' dir='ltr'><strong>e</strong></span> <span class='ocrx_word' id='word_1_21' title='bbox 332 1468 432 1546; x_wconf 86' lang='lat' dir='ltr'><strong>gente</strong></span> <span class='ocrx_word' id='word_1_22' title='bbox 449 1463 640 1530; x_wconf 87' lang='lat' dir='ltr'><strong>Stutzbach.</strong></span> <span class='ocrx_word' id='word_1_23' title='bbox 685 1461 800 1530; x_wconf 86' lang='lat' dir='ltr'><strong>Fidem</strong></span> <span class='ocrx_word' id='word_1_24' title='bbox 819 1465 974 1546; x_wconf 87' lang='lat' dir='ltr'><strong>profiteor</strong></span> <span class='ocrx_word' id='word_1_25' title='bbox 995 1463 1230 1547; x_wconf 84' lang='lat' dir='ltr'><strong>evangelicam.</strong></span> <span class='ocrx_word' id='word_1_26' title='bbox 1275 1462 1345 1528; x_wconf 91' lang='lat' dir='ltr'><strong>Pri-</strong></span> 
     </span>
     <span class='ocr_line' id='line_1_5' title="bbox 185 1585 1345 1659; baseline 0 -4"><span class='ocrx_word' id='word_1_27' title='bbox 185 1589 246 1656; x_wconf 86' lang='lat' dir='ltr'><strong>mis</strong></span> <span class='ocrx_word' id='word_1_28' title='bbox 268 1592 454 1658; x_wconf 89' lang='lat' dir='ltr'><strong>litterarum</strong></span> <span class='ocrx_word' id='word_1_29' title='bbox 477 1585 651 1658; x_wconf 85' lang='lat' dir='ltr'><strong>elementis</strong></span> <span class='ocrx_word' id='word_1_30' title='bbox 669 1592 811 1658; x_wconf 90' lang='lat' dir='ltr'><strong>imbutus</strong></span> <span class='ocrx_word' id='word_1_31' title='bbox 833 1612 903 1659; x_wconf 91' lang='lat' dir='ltr'><strong>sum</strong></span> <span class='ocrx_word' id='word_1_32' title='bbox 925 1593 960 1658; x_wconf 89' lang='lat' dir='ltr'><strong>in</strong></span> <span class='ocrx_word' id='word_1_33' title='bbox 981 1592 1114 1659; x_wconf 89' lang='lat' dir='ltr'><strong>urbanis</strong></span> <span class='ocrx_word' id='word_1_34' title='bbox 1137 1591 1256 1658; x_wconf 91' lang='lat' dir='ltr'><strong>scholis</strong></span> <span class='ocrx_word' id='word_1_35' title='bbox 1274 1591 1345 1656; x_wconf 91' lang='lat' dir='ltr'><strong>All-</strong></span> 
     </span>
     <span class='ocr_line' id='line_1_6' title="bbox 187 1721 1345 1806; baseline -0.001 -20"><span class='ocrx_word' id='word_1_36' title='bbox 187 1722 348 1788; x_wconf 88' lang='lat' dir='ltr'><strong>stedteusi</strong></span> <span class='ocrx_word' id='word_1_37' title='bbox 363 1722 627 1806; x_wconf 83' lang='lat' dir='ltr'><strong>Merseburgeusi</strong></span> <span class='ocrx_word' id='word_1_38' title='bbox 642 1721 827 1802; x_wconf 87' lang='lat' dir='ltr'><strong>Wieheusi;</strong></span> <span class='ocrx_word' id='word_1_39' title='bbox 851 1723 1022 1805; x_wconf 90' lang='lat' dir='ltr'><strong>septimum</strong></span> <span class='ocrx_word' id='word_1_40' title='bbox 1046 1722 1203 1787; x_wconf 90' lang='lat' dir='ltr'><strong>decimum</strong></span> <span class='ocrx_word' id='word_1_41' title='bbox 1226 1739 1345 1786; x_wconf 86' lang='lat' dir='ltr'><strong>aunum</strong></span> 
     </span>
     <span class='ocr_line' id='line_1_7' title="bbox 186 1850 1345 1932; baseline 0 -16"><span class='ocrx_word' id='word_1_42' title='bbox 186 1869 290 1932; x_wconf 87' lang='lat' dir='ltr'><strong>agens</strong></span> <span class='ocrx_word' id='word_1_43' title='bbox 311 1854 463 1931; x_wconf 88' lang='lat' dir='ltr'><strong>receptus</strong></span> <span class='ocrx_word' id='word_1_44' title='bbox 483 1869 552 1916; x_wconf 91' lang='lat' dir='ltr'><strong>sum</strong></span> <span class='ocrx_word' id='word_1_45' title='bbox 572 1851 606 1915; x_wconf 92' lang='lat' dir='ltr'><strong>in</strong></span> <span class='ocrx_word' id='word_1_46' title='bbox 616 1850 770 1917; x_wconf 88' lang='lat' dir='ltr'><strong>Latinam</strong></span> <span class='ocrx_word' id='word_1_47' title='bbox 794 1851 937 1917; x_wconf 89' lang='lat' dir='ltr'><strong>scholam</strong></span> <span class='ocrx_word' id='word_1_48' title='bbox 953 1851 1140 1917; x_wconf 88' lang='lat' dir='ltr'><strong>Haleusem.</strong></span> <span class='ocrx_word' id='word_1_49' title='bbox 1187 1850 1345 1932; x_wconf 80' lang='lat' dir='ltr'><strong>Tempore</strong></span> 
     </span>
     <span class='ocr_line' id='line_1_8' title="bbox 185 1979 1347 2061; baseline 0 -17"><span class='ocrx_word' id='word_1_50' title='bbox 185 1980 333 2061; x_wconf 90' lang='lat' dir='ltr'><strong>paschali</strong></span> <span class='ocrx_word' id='word_1_51' title='bbox 363 1980 441 2047; x_wconf 90' lang='lat' dir='ltr'><strong>anui</strong></span> <span class='ocrx_word' id='word_1_52' title='bbox 467 1979 595 2046; x_wconf 90' lang='lat' dir='ltr'><strong>LXXV</strong></span> <span class='ocrx_word' id='word_1_53' title='bbox 619 1981 650 2047; x_wconf 89' lang='lat' dir='ltr'><strong>h.</strong></span> <span class='ocrx_word' id='word_1_54' title='bbox 670 2000 694 2046; x_wconf 83' lang='lat' dir='ltr'><strong>s</strong></span> <span class='ocrx_word' id='word_1_55' title='bbox 718 1981 905 2046; x_wconf 87' lang='lat' dir='ltr'><strong>testimonio</strong></span> <span class='ocrx_word' id='word_1_56' title='bbox 934 1980 1139 2046; x_wconf 79' lang='lat' dir='ltr'><strong>maturitatis</strong></span> <span class='ocrx_word' id='word_1_57' title='bbox 1164 1980 1347 2045; x_wconf 86' lang='lat' dir='ltr'><strong>instructus</strong></span> 
     </span>
     <span class='ocr_line' id='line_1_9' title="bbox 186 2109 1347 2192; baseline 0 -18"><span class='ocrx_word' id='word_1_58' title='bbox 186 2109 435 2176; x_wconf 86' lang='lat' dir='ltr'><strong>universitatem</strong></span> <span class='ocrx_word' id='word_1_59' title='bbox 462 2109 639 2176; x_wconf 89' lang='lat' dir='ltr'><strong>Haleosam</strong></span> <span class='ocrx_word' id='word_1_60' title='bbox 669 2111 753 2192; x_wconf 79' lang='lat' dir='ltr'><strong>alli,</strong></span> <span class='ocrx_word' id='word_1_61' title='bbox 783 2115 821 2175; x_wconf 89' lang='lat' dir='ltr'><strong>ut</strong></span> <span class='ocrx_word' id='word_1_62' title='bbox 848 2129 980 2176; x_wconf 89' lang='lat' dir='ltr'><strong>munere</strong></span> <span class='ocrx_word' id='word_1_63' title='bbox 1009 2109 1145 2175; x_wconf 88' lang='lat' dir='ltr'><strong>militari</strong></span> <span class='ocrx_word' id='word_1_64' title='bbox 1174 2109 1347 2176; x_wconf 86' lang='lat' dir='ltr'><strong>confestim</strong></span> 
     </span>
     <span class='ocr_line' id='line_1_10' title="bbox 186 2235 1347 2324; baseline -0.001 -21"><span class='ocrx_word' id='word_1_65' title='bbox 186 2239 335 2304; x_wconf 90' lang='lat' dir='ltr'><strong>absoluto</strong></span> <span class='ocrx_word' id='word_1_66' title='bbox 370 2239 509 2304; x_wconf 86' lang='lat' dir='ltr'><strong>maxime</strong></span> <span class='ocrx_word' id='word_1_67' title='bbox 540 2239 745 2324; x_wconf 84' lang='lat' dir='ltr'><strong>philologieis</strong></span> <span class='ocrx_word' id='word_1_68' title='bbox 775 2239 893 2306; x_wconf 90' lang='lat' dir='ltr'><strong>studiis</strong></span> <span class='ocrx_word' id='word_1_69' title='bbox 920 2258 1049 2322; x_wconf 91' lang='lat' dir='ltr'><strong>operam</strong></span> <span class='ocrx_word' id='word_1_70' title='bbox 1079 2235 1243 2306; x_wconf 80' lang='lat' dir='ltr'><strong>navarem.</strong></span> <span class='ocrx_word' id='word_1_71' title='bbox 1296 2238 1347 2303; x_wconf 91' lang='lat' dir='ltr'><strong>Ibi</strong></span> 
     </span>
    </p>
   </div>
   <div class='ocr_carea' id='block_1_3' title="bbox 187 2353 1348 2451">
    <p class='ocr_par' dir='ltr' id='par_1_3' title="bbox 187 2353 1348 2451">
     <span class='ocr_line' id='line_1_11' title="bbox 187 2353 1348 2451; baseline 0.002 -20"><span class='ocrx_word' id='word_1_72' title='bbox 187 2386 247 2448; x_wconf 83' lang='lat' dir='ltr'><strong>per</strong></span> <span class='ocrx_word' id='word_1_73' title='bbox 266 2368 389 2450; x_wconf 89' lang='lat' dir='ltr'><strong>septies</strong></span> <span class='ocrx_word' id='word_1_74' title='bbox 408 2387 465 2434; x_wconf 90' lang='lat' dir='ltr'><strong>sex</strong></span> <span class='ocrx_word' id='word_1_75' title='bbox 487 2388 615 2436; x_wconf 87' lang='lat' dir='ltr'><strong>manses</strong></span> <span class='ocrx_word' id='word_1_76' title='bbox 642 2369 851 2450; x_wconf 83' lang='lat' dir='ltr'><strong>frequentavi</strong></span> <span class='ocrx_word' id='word_1_77' title='bbox 878 2371 1023 2451; x_wconf 79' lang='lat' dir='ltr'><strong>scholas,</strong></span> <span class='ocrx_word' id='word_1_78' title='bbox 1054 2353 1142 2448; x_wconf 80' lang='lat' dir='ltr'><strong>quas&#39;</strong></span> <span class='ocrx_word' id='word_1_79' title='bbox 1163 2370 1348 2434; x_wconf 86' lang='lat' dir='ltr'><strong>habuerunt</strong></span> 
     </span>
    </p>
   </div>
   <div class='ocr_carea' id='block_1_4' title="bbox 186 2497 1352 3338">
    <p class='ocr_par' dir='ltr' id='par_1_4' title="bbox 186 2497 1352 3338">
     <span class='ocr_line' id='line_1_12' title="bbox 186 2497 1348 2582; baseline -0.001 -19"><span class='ocrx_word' id='word_1_80' title='bbox 186 2497 249 2563; x_wconf 91' lang='lat' dir='ltr'><strong>viri</strong></span> <span class='ocrx_word' id='word_1_81' title='bbox 277 2497 489 2565; x_wconf 76' lang='lat' dir='ltr'><strong>illustrissimi</strong></span> <span class='ocrx_word' id='word_1_82' title='bbox 527 2499 765 2582; x_wconf 82' lang='lat' dir='ltr'><strong>Ditteuberger</strong></span> <span class='ocrx_word' id='word_1_83' title='bbox 796 2499 985 2564; x_wconf 89' lang='lat' dir='ltr'><strong>Duemmler</strong></span> <span class='ocrx_word' id='word_1_84' title='bbox 1020 2499 1189 2564; x_wconf 85' lang='lat' dir='ltr'><strong>Erdmann</strong></span> <span class='ocrx_word' id='word_1_85' title='bbox 1230 2497 1348 2562; x_wconf 82' lang='lat' dir='ltr'><strong>Ewalu</strong></span> 
     </span>
     <span class='ocr_line' id='line_1_13' title="bbox 187 2624 1349 2710; baseline -0.001 -20"><span class='ocrx_word' id='word_1_86' title='bbox 187 2625 296 2708; x_wconf 89' lang='lat' dir='ltr'><strong>Haym</strong></span> <span class='ocrx_word' id='word_1_87' title='bbox 326 2625 542 2710; x_wconf 88' lang='lat' dir='ltr'><strong>Heydemaun</strong></span> <span class='ocrx_word' id='word_1_88' title='bbox 573 2627 680 2694; x_wconf 93' lang='lat' dir='ltr'><strong>Hiller</strong></span> <span class='ocrx_word' id='word_1_89' title='bbox 711 2627 787 2692; x_wconf 88' lang='lat' dir='ltr'><strong>Keil</strong></span> <span class='ocrx_word' id='word_1_90' title='bbox 813 2627 954 2694; x_wconf 89' lang='lat' dir='ltr'><strong>Kramer</strong></span> <span class='ocrx_word' id='word_1_91' title='bbox 978 2627 1093 2694; x_wconf 89' lang='lat' dir='ltr'><strong>Krohu</strong></span> <span class='ocrx_word' id='word_1_92' title='bbox 1123 2626 1203 2691; x_wconf 90' lang='lat' dir='ltr'><strong>Pott</strong></span> <span class='ocrx_word' id='word_1_93' title='bbox 1234 2624 1349 2690; x_wconf 83' lang='lat' dir='ltr'><strong>Thiele</strong></span> 
     </span>
     <span class='ocr_line' id='line_1_14' title="bbox 189 2754 1349 2840; baseline -0.002 -20"><span class='ocrx_word' id='word_1_94' title='bbox 189 2755 294 2822; x_wconf 90' lang='lat' dir='ltr'><strong>Ulrici</strong></span> <span class='ocrx_word' id='word_1_95' title='bbox 302 2756 430 2823; x_wconf 88' lang='lat' dir='ltr'><strong>Zacher</strong></span> <span class='ocrx_word' id='word_1_96' title='bbox 438 2775 506 2823; x_wconf 90' lang='lat' dir='ltr'><strong>seu.</strong></span> <span class='ocrx_word' id='word_1_97' title='bbox 518 2761 552 2822; x_wconf 90' lang='lat' dir='ltr'><strong>et</strong></span> <span class='ocrx_word' id='word_1_98' title='bbox 561 2758 626 2822; x_wconf 90' lang='lat' dir='ltr'><strong>iuu.</strong></span> <span class='ocrx_word' id='word_1_99' title='bbox 638 2756 811 2823; x_wconf 74' lang='lat' dir='ltr'><strong>seminarii</strong></span> <span class='ocrx_word' id='word_1_100' title='bbox 820 2756 1017 2840; x_wconf 86' lang='lat' dir='ltr'><strong>philologici,</strong></span> <span class='ocrx_word' id='word_1_101' title='bbox 1038 2757 1122 2837; x_wconf 86' lang='lat' dir='ltr'><strong>quod</strong></span> <span class='ocrx_word' id='word_1_102' title='bbox 1137 2754 1349 2822; x_wconf 88' lang='lat' dir='ltr'><strong>moderaban-</strong></span> 
     </span>
     <span class='ocr_line' id='line_1_15' title="bbox 188 2881 1351 2968; baseline -0.003 -20"><span class='ocrx_word' id='word_1_103' title='bbox 188 2889 244 2950; x_wconf 89' lang='lat' dir='ltr'><strong>tur</strong></span> <span class='ocrx_word' id='word_1_104' title='bbox 270 2885 345 2950; x_wconf 90' lang='lat' dir='ltr'><strong>Keil</strong></span> <span class='ocrx_word' id='word_1_105' title='bbox 368 2884 476 2950; x_wconf 85' lang='lat' dir='ltr'><strong>Hiller</strong></span> <span class='ocrx_word' id='word_1_106' title='bbox 498 2884 752 2968; x_wconf 83' lang='lat' dir='ltr'><strong>Ditteuberger‚</strong></span> <span class='ocrx_word' id='word_1_107' title='bbox 781 2902 840 2966; x_wconf 92' lang='lat' dir='ltr'><strong>per</strong></span> <span class='ocrx_word' id='word_1_108' title='bbox 861 2887 926 2951; x_wconf 90' lang='lat' dir='ltr'><strong>tria</strong></span> <span class='ocrx_word' id='word_1_109' title='bbox 953 2883 1125 2950; x_wconf 89' lang='lat' dir='ltr'><strong>semestria</strong></span> <span class='ocrx_word' id='word_1_110' title='bbox 1155 2882 1277 2950; x_wconf 89' lang='lat' dir='ltr'><strong>sodalis</strong></span> <span class='ocrx_word' id='word_1_111' title='bbox 1303 2881 1351 2945; x_wconf 85' lang='lat' dir='ltr'><strong>tui</strong></span> 
     </span>
     <span class='ocr_line' id='line_1_16' title="bbox 189 3013 1352 3098; baseline -0.005 -19"><span class='ocrx_word' id='word_1_112' title='bbox 189 3013 381 3079; x_wconf 85' lang='lat' dir='ltr'><strong>ordinarius.</strong></span> <span class='ocrx_word' id='word_1_113' title='bbox 426 3013 607 3080; x_wconf 89' lang='lat' dir='ltr'><strong>Praeterea</strong></span> <span class='ocrx_word' id='word_1_114' title='bbox 632 3013 772 3097; x_wconf 86' lang='lat' dir='ltr'><strong>benigne</strong></span> <span class='ocrx_word' id='word_1_115' title='bbox 792 3013 872 3079; x_wconf 89' lang='lat' dir='ltr'><strong>mihi</strong></span> <span class='ocrx_word' id='word_1_116' title='bbox 890 3014 1038 3098; x_wconf 88' lang='lat' dir='ltr'><strong>permisit</strong></span> <span class='ocrx_word' id='word_1_117' title='bbox 1059 3013 1186 3080; x_wconf 88' lang='lat' dir='ltr'><strong>Zaoher</strong></span> <span class='ocrx_word' id='word_1_118' title='bbox 1207 3029 1286 3092; x_wconf 84' lang='lat' dir='ltr'><strong>sem,</strong></span> <span class='ocrx_word' id='word_1_119' title='bbox 1313 3018 1352 3074; x_wconf 83' lang='lat' dir='ltr'><strong>ut</strong></span> 
     </span>
     <span class='ocr_line' id='line_1_17' title="bbox 187 3139 1350 3227; baseline -0.003 -20"><span class='ocrx_word' id='word_1_120' title='bbox 187 3140 342 3210; x_wconf 83' lang='lat' dir='ltr'><strong>societati</strong></span> <span class='ocrx_word' id='word_1_121' title='bbox 362 3141 565 3224; x_wconf 74' lang='lat' dir='ltr'><strong>theotiscae,</strong></span> <span class='ocrx_word' id='word_1_122' title='bbox 586 3139 727 3226; x_wconf 83' lang='lat' dir='ltr'><strong>Gariug‚</strong></span> <span class='ocrx_word' id='word_1_123' title='bbox 749 3147 788 3208; x_wconf 92' lang='lat' dir='ltr'><strong>ut</strong></span> <span class='ocrx_word' id='word_1_124' title='bbox 807 3143 979 3227; x_wconf 85' lang='lat' dir='ltr'><strong>gothicae,</strong></span> <span class='ocrx_word' id='word_1_125' title='bbox 998 3142 1204 3222; x_wconf 90' lang='lat' dir='ltr'><strong>Duemmler,</strong></span> <span class='ocrx_word' id='word_1_126' title='bbox 1240 3143 1276 3204; x_wconf 91' lang='lat' dir='ltr'><strong>ut</strong></span> <span class='ocrx_word' id='word_1_127' title='bbox 1303 3139 1350 3204; x_wconf 91' lang='lat' dir='ltr'><strong>hi-</strong></span> 
     </span>
     <span class='ocr_line' id='line_1_18' title="bbox 189 3271 557 3338; baseline 0 -2"><span class='ocrx_word' id='word_1_128' title='bbox 189 3272 331 3338; x_wconf 86' lang='lat' dir='ltr'><strong>storicae</strong></span> <span class='ocrx_word' id='word_1_129' title='bbox 354 3271 557 3338; x_wconf 88' lang='lat' dir='ltr'><strong>interessem.</strong></span> 
     </span>
    </p>
   </div>
   <div class='ocr_carea' id='block_1_5' title="bbox 191 3421 1354 3634">
    <p class='ocr_par' dir='ltr' id='par_1_5' title="bbox 191 3421 1354 3634">
     <span class='ocr_line' id='line_1_19' title="bbox 291 3421 1354 3506; baseline -0.001 -19"><span class='ocrx_word' id='word_1_130' title='bbox 291 3423 415 3504; x_wconf 80' lang='lat' dir='ltr'><strong>Quibus</strong></span> <span class='ocrx_word' id='word_1_131' title='bbox 436 3421 517 3490; x_wconf 88' lang='lat' dir='ltr'><strong>viris</strong></span> <span class='ocrx_word' id='word_1_132' title='bbox 538 3421 660 3502; x_wconf 93' lang='lat' dir='ltr'><strong>optime</strong></span> <span class='ocrx_word' id='word_1_133' title='bbox 683 3424 724 3488; x_wconf 87' lang='lat' dir='ltr'><strong>‹le</strong></span> <span class='ocrx_word' id='word_1_134' title='bbox 750 3441 800 3488; x_wconf 91' lang='lat' dir='ltr'><strong>ma</strong></span> <span class='ocrx_word' id='word_1_135' title='bbox 821 3423 958 3506; x_wconf 86' lang='lat' dir='ltr'><strong>meritis,</strong></span> <span class='ocrx_word' id='word_1_136' title='bbox 978 3423 1154 3504; x_wconf 87' lang='lat' dir='ltr'><strong>praecipue</strong></span> <span class='ocrx_word' id='word_1_137' title='bbox 1170 3421 1298 3488; x_wconf 91' lang='lat' dir='ltr'><strong>Hillero</strong></span> <span class='ocrx_word' id='word_1_138' title='bbox 1319 3424 1354 3486; x_wconf 93' lang='lat' dir='ltr'><strong>et</strong></span> 
     </span>
     <span class='ocr_line' id='line_1_20' title="bbox 191 3551 1197 3634; baseline 0.002 -20"><span class='ocrx_word' id='word_1_139' title='bbox 191 3551 308 3632; x_wconf 71' lang='lat' dir='ltr'><strong>Kenio,</strong></span> <span class='ocrx_word' id='word_1_140' title='bbox 329 3551 488 3618; x_wconf 77' lang='lat' dir='ltr'><strong>proximas</strong></span> <span class='ocrx_word' id='word_1_141' title='bbox 509 3551 638 3633; x_wconf 83' lang='lat' dir='ltr'><strong>gratias</strong></span> <span class='ocrx_word' id='word_1_142' title='bbox 659 3569 746 3617; x_wconf 83' lang='lat' dir='ltr'><strong>nune</strong></span> <span class='ocrx_word' id='word_1_143' title='bbox 765 3569 828 3634; x_wconf 87' lang='lat' dir='ltr'><strong>ago</strong></span> <span class='ocrx_word' id='word_1_144' title='bbox 851 3569 1041 3633; x_wconf 87' lang='lat' dir='ltr'><strong>semperque</strong></span> <span class='ocrx_word' id='word_1_145' title='bbox 1060 3552 1197 3618; x_wconf 80' lang='lat' dir='ltr'><strong>habebo.</strong></span> 
     </span>
    </p>
   </div>
   <div class='ocr_carea' id='block_1_6' title="bbox 631 3833 797 3842">
    <p class='ocr_par' dir='ltr' id='par_1_6' title="bbox 631 3833 797 3842">
     <span class='ocr_line' id='line_1_21' title="bbox 631 3833 797 3842; baseline -0.012 0"><span class='ocrx_word' id='word_1_146' title='bbox 631 3834 636 3842; x_wconf 76' lang='grc' dir='ltr'>ι</span> <span class='ocrx_word' id='word_1_147' title='bbox 647 3833 657 3842; x_wconf 78' lang='grc' dir='ltr'>ι</span> <span class='ocrx_word' id='word_1_148' title='bbox 666 3835 746 3842; x_wconf 78' lang='lat'><strong>——-—</strong></span> <span class='ocrx_word' id='word_1_149' title='bbox 756 3833 797 3840; x_wconf 75' lang='lat'><em>...-</em></span> 
     </span>
    </p>
   </div>
   <div class='ocr_carea' id='block_1_7' title="bbox 0 0 1517 4902">
    <p class='ocr_par' dir='ltr' id='par_1_7' title="bbox 0 0 1517 4902">
     <span class='ocr_line' id='line_1_22' title="bbox 0 0 1517 4902; baseline 0 0"><span class='ocrx_word' id='word_1_150' title='bbox 0 0 1517 4902; x_wconf 95' lang='lat' dir='ltr'><strong> </strong></span> 
     </span>
    </p>
   </div>
  </div>
 </body>
</html>
