2994 4902
621 275 832 338 ..41-

149 437 247 530 τύχαι
267 445 359 512 modo
380 445 568 528 appellatae
591 450 709 528 essent,
732 463 789 527 pro
813 443 942 510 αἰετῶν
966 447 1056 510 θεῶν
1079 463 1110 511 v.
1122 448 1184 510 478
1207 444 1304 510 collo-

147 560 282 619 caretur
322 553 563 622 substantivum
601 546 715 638 πύχρς;
761 557 877 619 tuma
911 551 1077 620 sententia
1115 552 1210 618 huius
1242 552 1304 618 loci

147 659 335 742 discrepare
365 661 498 728 verbnm
526 653 697 748 παράγειν,
725 661 759 727 in
782 679 844 741 quo
866 660 990 727 inesset
1010 660 1061 728 vis
1084 660 1124 727 de
1145 659 1305 727 industria

146 769 296 836 homines
323 769 356 835 in
379 787 520 836 errorem
548 769 723 836 inducendi
744 787 916 850 eorumque
947 769 1071 835 animos
1100 769 1305 836 occaecandi.

146 876 384 964 (Schmidtius)

253 983 304 1050 De
329 984 512 1068 tautologia
533 985 602 1068 illa,
634 1002 706 1051 cum
728 984 860 1049 nimium
881 984 1051 1066 perspicua
1077 985 1130 1068 sit,
1161 984 1306 1067 pluribus

145 1091 265 1160 disseri
291 1111 370 1176 opus
399 1112 463 1160 non
492 1097 552 1160 est.
598 1093 708 1176 Quare
735 1111 808 1159 cum
838 1094 1012 1159 membrum
1040 1089 1141 1180 ἡγὰρ
1161 1087 1242 1179 τύχη
1265 1132 1305 1142 -

145 1201 316 1286 δυσμαθές
336 1220 440 1283 neque
462 1220 593 1269 causam
614 1201 752 1269 alterius
772 1195 883 1269 πάντα
900 1197 942 1267 τὰ
962 1203 1032 1268 ναῦν
1054 1205 1148 1268 θεαῖν
1162 1239 1200 1251 -
1217 1199 1308 1286 ἕρπει

145 1308 328 1394 contineat,
351 1328 464 1391 neque,
482 1310 558 1392 quia
578 1310 640 1376 duo
655 1310 726 1377 fere
742 1327 857 1378 versus
874 1309 1060 1392 interpositi
1081 1314 1167 1392 sunt,
1189 1309 1232 1376 ad
1247 1307 1307 1388 τὰς

145 1411 250 1504 τύχας
271 1457 312 1468 -
330 1415 460 1484 ἔσονται
482 1423 556 1503 (475
569 1420 632 1506 sq.)
654 1422 793 1501 spectet,
816 1417 1021 1511 relinquitur,
1044 1422 1082 1485 ut
1105 1435 1307 1500 quaeramus

147 1543 229 1592 num
258 1525 300 1592 ad
328 1526 377 1609 id,
407 1527 492 1608 quod
516 1528 607 1593 modo
628 1526 871 1610 praegreditur,
898 1527 1074 1592 membrum
1102 1522 1222 1592 κούδὲν
1247 1521 1308 1591 οἷδ’

145 1631 257 1712 οὐδεὶς
279 1629 385 1701 κακόν
403 1635 521 1702 referri
540 1641 656 1718 queat,
682 1636 711 1702 si
733 1634 974 1702 substantivum
995 1629 1094 1720 τύχης
1111 1635 1307 1716 interpreta-

144 1759 223 1807 mur
246 1741 435 1824 „fortuoam
457 1743 658 1812 adversans
705 1741 799 1826 Quod
826 1742 994 1822 quominus
1021 1742 1192 1823 feriamur,
1224 1741 1308 1808 duae

145 1867 269 1916 causae
298 1851 441 1917 obstant.
485 1852 627 1918 Primum
650 1851 908 1933 quandoquidem
936 1851 1069 1918 fortuna
1095 1851 1234 1918 adversa
1257 1855 1308 1916 est

144 1977 227 2042 pers
241 1958 330 2024 illiue
349 1955 391 2024 τὰ
403 1962 475 2025 τῶν
494 1963 596 2043 θεῶν,
620 1978 670 2042 ea,
690 1978 775 2040 quae
796 1960 890 2026 modo
905 1960 1035 2042 prolate
1050 1963 1135 2041 sunt,
1159 1976 1200 2024 ex
1211 1962 1308 2040 parte

145 2068 288 2134 moleste
317 2072 526 2148 repetuntur;
565 2068 682 2134 deinde
712 2062 817 2134 κακόν
847 2068 1019 2134 delendum
1047 2085 1118 2134 esse
1146 2085 1203 2132 suo
1237 2067 1308 2133 iure

147 2175 353 2243 Schmidtius
371 2176 617 2243 demonstravit.
653 2174 718 2258 Qui
735 2180 826 2242 recte
846 2176 1007 2244 refutavit
1026 2175 1308 2242 sententiasSeid·

143 2284 211 2352 leri
218 2283 487 2365 Witzscheliique
502 2284 585 2350 illud
606 2278 710 2350 κακόν
723 2285 986 2368 intellegentium
1006 2281 1045 2350 τὸ
1064 2286 1184 2370 μέλλον
1203 2278 1307 2350 κακόν

145 2393 250 2484 [quod
273 2409 375 2474 nuper
394 2389 520 2475 placuit
536 2392 663 2459 Bauero
686 2394 810 2480 (editu
833 2394 876 2460 cf.
897 2413 928 2459 v.
946 2397 1008 2459 482
1031 2391 1108 2481 sq.],
1130 2392 1309 2476 Hartnngii

144 2499 313 2570 vertentis
335 2501 430 2583 „sein
451 2501 661 2584 Ungemach“
686 2502 875 2588 (articulum
897 2495 937 2566 τό
958 2519 999 2567 ex
1021 2519 1081 2566 usn
1101 2499 1221 2566 Graeci
1242 2519 1308 2568 ser·

145 2609 255 2678 monis
263 2609 656 2696 requivisitSchmidtius)‚
665 2609 1308 2691 KvicalaeKlotniiqueinterpretantium

149 2718 239 2802 „und
259 2717 382 2783 Keiner
404 2717 508 2801 moise,
532 2737 601 2784 was
622 2718 676 2784 fiir
697 2718 750 2783 ein
770 2717 932 2802 Unglitck,
955 2719 995 2783 ob
1017 2716 1223 2783 Schifibruch
1245 2723 1309 2784 etc.

146 2827 209 2894 ihn
232 2825 350 2891 treffen
369 2825 506 2892 werde.“
543 2825 676 2892 Etenim
699 2826 727 2891 si
745 2826 779 2892 in
800 2826 910 2893 verbis
931 2820 1220 2891 κούδὲν-κακόν
1236 2845 1309 2892 sen-

147 2953 207 3002 sus
235 2933 359 3000 inesset
390 2952 508 3016 „nemo
528 2940 629 3000 antea
651 2934 714 3000 scit
737 2934 881 3001 futuram
900 2932 1065 2998 fortunam
1084 2952 1175 2999 suam
1193 2934 1308 3000 adver-

148 3048 243 3110 sam“
268 3041 360 3108 nasci
381 3041 610 3124 repetitionem
638 3042 812 3108 eorundem
835 3041 1052 3124 cogitatorum
1080 3042 1181 3108 hanc:
1214 3062 1308 3110 nemo

148 3151 244 3218 novit
259 3151 404 3216 suturam
416 3151 582 3217 fortunam
605 3169 697 3217 suam
710 3151 898 3230 adversam3
921 3169 996 3216 narn
1010 3169 1063 3216 res
1078 3150 1208 3218 divinae
1230 3157 1310 3218 eunt

148 3260 186 3326 in
214 3260 384 3326 obscurum
415 3278 520 3341 neque
549 3259 718 3340 qrrisquam
748 3259 810 3326 scit
839 3259 984 3326 futuram
1017 3259 1182 3325 fortunam
1217 3279 1332 3338 suam⁴

148 3369 331 3434 adversam.
378 3367 632 3450 Quamobrem
661 3385 725 3434 non
746 3367 816 3433 sine
837 3386 936 3434 causa
958 3366 1111 3434 Weilium
1134 3368 1310 3436 coniecisse

149 3475 302 3558 arbitror,
329 3470 434 3542 κακόν
456 3493 528 3542 esse
550 3474 697 3541 additum
718 3474 775 3563 (cf.
799 3494 831 3540 v.
853 3479 942 3558 483),
966 3479 1004 3540 ut
1024 3475 1142 3540 lacuna
1164 3477 1309 3558 explere-

149 3589 216 3651 tur.
247 3586 396 3667 Apparet
418 3585 529 3668 igitur,
552 3583 779 3650 emendatione
801 3602 932 3652 versum
946 3587 1008 3650 477
1025 3603 1096 3650 esse
1119 3586 1308 3654 sanandum.

150 3691 364 3760 Coniecturae
374 3691 568 3759 Kirohhoffii
590 3695 722 3777 βροτῶν
745 3696 781 3759 et
799 3692 959 3759 Badhami
980 3685 1067 3757 εἰπόν
1090 3692 1205 3758 merito
1219 3695 1255 3760 F.
1270 3695 1309 3760 G.

150 3800 350 3868 Schmidtius
369 3801 504 3869 refellit.
548 3801 643 3868 Ferri
664 3804 775 3883 potest
795 3800 1045 3868 Weckleiniana
1068 3803 1191 3884 σαφῶς.
1237 3801 1309 3868 Non

150 3909 235 3976 satis
263 3910 374 3992 placet
397 3905 485 3990 ἄκος,
515 3912 600 3992 quod
621 3909 789 3992 proposuit
810 3909 848 3976 F.
873 3908 913 3975 G.
936 3907 1143 3975 Schmidtius.
1188 3909 1309 3978 Proba·

150 4017 263 4084 biliter
292 4019 432 4086 coniecit
459 4019 700 4086 Herwerdenus
726 4011 849 4104 πάρος,
877 4016 1045 4101 Kayserus
1073 4011 1219 4082 κούδέν
1240 4071 1247 4086 .
1269 4069 1307 4084 ..

152 4118 276 4210 πόρον,
299 4127 486 4212 Koechlyus
509 4121 605 4208 ὅπαι;
629 4128 768 4194 omnium
791 4127 929 4194 maxime
950 4125 1029 4192 mihi
1049 4127 1206 4208 probatm·
1227 4127 1308 4194 illud

152 4235 265 4302 Weilii
287 4237 389 4316 τέλος.
412 4277 455 4288 -
476 4237 653 4304 Veniamus
673 4257 758 4304 nnnc
779 4237 822 4304 ad
845 4237 979 4303 verbum
1001 4231 1170 4322 παράγειν.
1214 4236 1307 4319 Quod

153 4361 226 4410 cunr
260 4345 380 4414 habeat
412 4345 573 4414 notionem
606 4345 743 4414 fallendi
775 4346 908 4433 (Aeson.
944 4345 1031 4412 Pers.
1063 4351 1115 4412 98.
1149 4339 1307 4432 παράγειν
