2994 4902
741 327 780 380 IV

181 518 383 566 numerorum
405 499 551 564 rationes
569 498 796 581 disposuisset
814 499 917 564 multa
929 497 1107 579 Euripidea
1128 496 1338 563 inveniuntur

180 608 344 691 diverbia,
367 607 401 673 in
424 607 539 688 quibus
564 611 655 675 certa
677 607 819 688 partium
840 605 1058 686 aequabilitas
1078 623 1143 669 non
1160 608 1335 687 appareat:

179 718 290 798 itaque
313 716 483 781 inhaere
506 716 627 781 nullum
645 713 907 795 interpolationis
922 713 1075 778 indicium
1092 731 1150 794 per
1172 731 1207 778 se
1229 711 1336 778 inesse
1366 778 1369 786 ,

178 828 296 907 potest.
340 825 393 914 Ad
416 823 627 889 cohibendam
650 827 760 888 autern
782 822 1002 888 temeritatem
1026 821 1221 903 criticorum,
1242 839 1334 902 prae-

179 933 271 1014 cipue
300 933 362 998 hae
394 933 528 1015 regulae
562 950 633 996 cum
667 931 828 997 Gulielmo
859 929 1001 996 Christio
1031 930 1104 1015 (32.
1133 929 1217 995 Phil.
1240 929 1333 995 Vers.

179 1047 262 1106 1877
281 1060 312 1121 p.
326 1043 506 1122 142-lssll
529 1038 778 1105 constituendae
799 1038 966 1104 videntur:
990 1056 1029 1103 ao
1051 1037 1186 1119 primurn
1206 1037 1333 1118 quidem

177 1147 210 1214 in
237 1147 446 1230 dispositione
477 1147 692 1214 divortiorum
711 1150 749 1228 et
777 1150 909 1212 actuum
934 1145 1202 1226 aequabilitatem
1225 1164 1334 1211 nume·

177 1263 284 1320 rorum
294 1273 446 1322 versuum
460 1259 608 1322 statuere
622 1273 685 1320 non
705 1253 792 1334 licet,
815 1252 877 1319 nisi
898 1258 1019 1335 partes,
1044 1254 1077 1318 in
1100 1253 1216 1333 quibus
1237 1273 1334 1335 pares

177 1362 302 1428 numeri
324 1362 431 1429 inesse
453 1366 628 1444 putantur,
658 1360 757 1427 etiarn
780 1366 971 1444 argumento
991 1361 1077 1427 inter
1099 1380 1133 1427 se
1156 1361 1332 1427 cohaerent

177 1471 231 1536 vel
245 1470 458 1551 respondent;
481 1470 599 1535 deinde
619 1468 794 1534 tenendum
816 1473 877 1550 est,
900 1474 1015 1550 poetas
1037 1469 1069 1534 in
1082 1469 1236 1536 diverbiis
1250 1487 1332 1534 com-

175 1575 332 1658 ponendis
350 1576 443 1642 firma
464 1575 720 1658 immutabilique
743 1577 817 1659 lege
840 1594 874 1640 se
890 1595 954 1642 non
969 1576 1192 1642 adstrinxisse.
1227 1576 1332 1659 Quam

176 1684 216 1749 ob
238 1703 306 1748 rem
328 1684 363 1748 in
386 1681 681 1766 singulisversibus
704 1681 928 1750 examinandis
949 1703 969 1749 a
990 1685 1065 1767 lege
1087 1684 1333 1764 aequabilitatis

176 1808 379 1857 numerorum
402 1809 467 1857 non
492 1790 757 1872 proficiscendum
779 1808 884 1870 neque
905 1810 1046 1872 unquam
1072 1792 1237 1873 responsio
1259 1811 1332 1858 ver-

175 1919 267 1967 snum
289 1899 594 1981 interpolationibus
620 1902 678 1965 aut
707 1899 833 1965 lacunis
863 1900 1049 1967 statuendis
1070 1900 1246 1967 reficienda
1269 1906 1330 1966 est.

174 2010 284 2088 Atque
306 2006 387 2072 haec
409 2007 537 2086 quidem
556 2008 724 2073 hactenns.

276 2115 452 2181 Videamus
474 2134 576 2199 nunc,
605 2117 639 2182 in
667 2133 802 2196 quarum
827 2114 994 2196 Euripidis
1024 2117 1208 2182 fabularum
1230 2116 1331 2182 inter·

172 2221 354 2306 polationes
376 2223 513 2306 singulis
533 2222 816 2290 dissertationibus
837 2223 944 2288 adhuc
965 2223 1154 2304 inquisitum
1180 2223 1232 2290 sit.
1277 2225 1330 2290 Ex

173 2330 353 2398 huiusmodi
374 2332 698 2398 commentationibus
717 2331 795 2397 mihi
816 2331 1028 2397 innotuerunt
1049 2333 1128 2398 hae:

171 2440 331 2506 Nauck:
366 2439 635 2523 „Euripideisohe
665 2439 823 2506 Studien“
858 2441 937 2524 (vol.
966 2441 1010 2507 ΙΙ.
1036 2441 1204 2523 Petropoli
1235 2445 1328 2506 1859.

275 2549 372 2633 1862)
394 2548 449 2628 qui
462 2566 578 2615 novem
597 2548 785 2632 tragoedias
801 2554 1027 2632 perscrutatus
1043 2554 1110 2615 est:
1133 2549 1327 2617 Hecubam

274 2654 467 2721 Orestem
506 2656 766 2722 Phoenissae
804 2656 1003 2741 Medeam,
1049 2657 1327 2741 Hippolytum

274 2762 541 2829 Alcestidem
569 2764 900 2832 Andromacham
931 2767 1115 2834 Troades
1142 2767 1327 2834 Rhesum.

171 2871 254 2937 los,
277 2868 592 2956 Klinkenberg,
625 2873 665 2938 de
695 2871 942 2954 Euripideorum
970 2876 1174 2959 prologorum
1200 2881 1272 2943 arte
1292 2882 1328 2942 et

271 2978 533 3058 interpolatione.
577 2980 711 3046 Bonnae
733 2986 824 3048 1881.

170 3087 425 3153 Firnhaberi
456 3088 501 3154 de
533 3088 780 3156 Phoenissis
811 3095 853 3157 et
881 3091 1026 3158 Medea
1054 3092 1232 3174 disputatio
1260 3093 1325 3160 iarn

271 3212 370 3276 supra
392 3201 641 3263 commemorata
662 3201 723 3264 est.

169 3304 191 3370 J
200 3322 251 3370 os.
281 3303 405 3370 Henr.
428 3303 640 3389 Wheeler,
661 3306 702 3372 de
714 3306 892 3372 Alcestidis
907 3311 942 3373 et
958 3307 1130 3392 Hippolyti
1140 3308 1324 3375 fabularum

270 3409 520 3492 Euripidearum
543 3413 857 3496 interpolationibus.
880 3414 966 3492 Diss.
977 3417 1079 3482 Bonn.
1096 3421 1177 3483 1879
1191 3417 1245 3501 (de
1260 3435 1322 3497 quo

270 3519 380 3586 libello
412 3519 453 3586 cf.
475 3519 709 3605 Wilamowitz,
733 3523 845 3605 philol.
871 3523 1002 3591 Unters.
1029 3525 1056 3590 l.
1080 3544 1110 3606 p.
1134 3531 1174 3592 92
1203 3528 1277 3594 adn.
1302 3535 1322 3594 8

269 3631 305 3693 et
332 3627 521 3712 Wecklein,
548 3629 735 3698 Jahresber.
768 3632 848 3697 iiber
870 3631 921 3698 die
943 3633 1110 3700 Fortsohr.
1141 3633 1199 3700 der
1225 3637 1321 3704 class

267 3735 560 3803 Alterthumswiss.
587 3742 680 3822 1879,
702 3739 729 3804 l.
752 3759 782 3821 p.
808 3743 870 3821 79).

165 3842 444 3910 Trautmann:
466 3846 506 3911 de
517 3844 683 3928 Euripidis
704 3847 1002 3916 Phoenissarum
1026 3852 1172 3919 versibus
1192 3871 1320 3938 suspec-

268 3950 313 4016 tis
335 3956 370 4017 et
391 3953 608 4036 interpolatis
631 3973 739 4039 progr.
761 3958 941 4041 paedagog.
963 3957 1098 4026 Halens.
1125 3966 1216 4028 1863.

161 4059 419 4144 Altenburg:
452 4061 493 4128 de
522 4064 670 4130 versibus
699 4065 754 4145 qui
783 4064 918 4131 suntin
949 4065 1177 4134 Phoenissis
1207 4071 1318 4155 spurii,

262 4165 338 4236 diss.
356 4168 444 4236 Hall.
462 4175 554 4239 1865.

158 4274 375 4359 Zipperer:
406 4279 447 4344 de
470 4279 636 4363 Euripidis
664 4280 962 4350 Phoenissarum
986 4286 1133 4352 versibus
1157 4288 1319 4368 suspectis

261 4390 296 4451 et
319 4385 537 4471 interpolatis
561 4389 636 4456 diss
660 4389 865 4474 Wirceburg.
892 4396 982 4460 1875.
