2994 4902
659 309 702 322 -
745 276 784 337 59
830 307 871 322 ..

177 441 301 519 posset.
346 439 421 506 Etsi
442 441 491 506 ita
511 445 572 523 est,
594 392 705 510 temen
726 441 796 508 sine
820 441 915 508 dubio
938 441 989 508 vis
1010 441 1111 507 totius
1133 443 1340 523 argumenta-

177 545 282 612 tionis
302 546 437 630 Pyladis
458 568 542 618 novo
564 553 756 634 argumento
780 551 819 616 fit
840 550 942 617 multo
963 549 1128 617 efficacior
1149 553 1184 614 et
1205 549 1247 614 ad
1267 565 1340 629 per-

178 653 383 722 suadendum
404 658 652 741 accomodatior,
676 657 869 740 faciliusque
891 661 1038 743 apparet,
1061 674 1118 723 cur·
1127 656 1270 740 Pylades
1290 672 1340 736 ea,

177 779 280 844 quam
302 764 450 832 versibus
482 766 727 848 insequentibus
760 766 921 849 ostendit,
955 766 1055 832 animi
1088 764 1275 832 constantia
1306 780 1340 828 se

177 873 343 954 praestet.
388 871 548 955 Quoniam
568 879 678 942 autem
694 873 867 957 Euripides
890 892 1046 958 persaepe
1067 891 1122 939 res
1142 891 1220 940 vere
1238 873 1340 938 Athe·

176 977 313 1044 nienses
334 977 369 1046 in
389 978 511 1047 fabulis
530 985 673 1064 tractat,
705 1000 770 1047 non
792 982 907 1049 mirnm
928 985 995 1064 est,
1029 982 1114 1062 quod
1142 980 1184 1047 ad
1206 961 1342 1063 PylAEs

175 1087 420 1154 recusationem
462 1089 567 1173 magis
606 1090 805 1173 probandam
841 1090 1027 1158 hereditate
1062 1089 1206 1156 scienter
1239 1087 1344 1155 utitur

175 1195 234 1282 (cf.
258 1194 462 1280 Wecklein).

284 1303 355 1369 Iam
377 1307 420 1370 ed
442 1304 572 1389 singula
595 1304 782 1385 quaerenda
803 1305 1005 1372 accedamus.

285 1409 333 1476 Ut
353 1429 394 1478 ex
415 1431 480 1485 uss.
504 1419 566 1480 695
587 1431 634 1494 sq.
665 1417 737 1479 916.
767 1417 830 1480 922
860 1417 1011 1496 apertum
1034 1416 1103 1494 est,
1137 1413 1251 1497 γαμῶν
1281 1428 1344 1484 uon

173 1537 237 1600 pro
259 1519 431 1604 participio
449 1521 565 1604 futuri,
594 1526 631 1588 ut
652 1522 815 1587 Personus
836 1520 1002 1588 Seidlerns
1022 1537 1188 1604 nuperque
1207 1519 1345 1585 Weilius

175 1632 394 1711 censuerunt,
419 1632 470 1695 est
491 1629 692 1712 habendum,
722 1629 779 1696 sed
802 1648 861 1711 pro
887 1628 1059 1713 participio
1079 1629 1280 1712 praesentim
1303 1628 1344 1694 si-

176 1733 321 1818 gnificat
349 1739 459 1802 autem
483 1737 536 1820 „in
557 1737 763 1804 matrimonio
785 1737 935 1805 habere.“
983 1738 1101 1804 Troad.
1136 1743 1197 1804 959
1228 1755 1294 1818 sqq.
1325 1729 1344 1802 ὃ

174 1834 296 1922 καινός
319 1841 352 1929 μ’
379 1833 476 1923 οὗτος
500 1837 650 1932 ἁρπάσας
670 1837 767 1925 πόσις
786 1845 952 1932 Δηΐφοβος
972 1841 1094 1931 ἄλοχον
1116 1841 1198 1932 εἶχεν
1221 1883 1279 1927 -,
1303 1883 1343 1895 -

174 1944 219 2038 ἦν
249 1954 306 2041 βιᾷ
328 1965 430 2038 γαμεῖ.
472 1953 577 2038 Iphig.
606 1955 678 2020 Aul.
708 1958 787 2020 704:
819 1950 913 2041 (Ζεὺς
938 1948 1072 2041 ἠγγύησε
1100 1959 1161 2037 -)
1188 1966 1282 2039 γαμεῖ
1308 1955 1343 2019 δὲ

174 2061 249 2125 ποῦ
272 2083 341 2141 νιν;
363 2060 508 2128 Plurima
529 2062 677 2144 exempla
695 2062 791 2128 huius
812 2079 890 2128 usus
907 2063 1019 2128 insunt
1037 2061 1071 2127 in
1092 2061 1248 2144 prologis:
1269 2061 1342 2143 Iph.

175 2168 281 2234 Teur.
304 2173 323 2234 2
345 2187 390 2249 sq.
412 2181 505 2255 γαμεῖ
524 2175 578 2254 (-
596 2169 774 2257 ἔβλαστεν.)
813 2170 934 2237 Phoen.
961 2175 999 2235 13
1023 2167 1134 2256 (ἔθετο
1158 2173 1217 2251 -)
1239 2180 1341 2254 papam

174 2275 259 2342 ibid.
287 2281 337 2342 53.
372 2276 478 2344 Orest.
512 2284 561 2346 19.
594 2279 711 2346 Helen.
745 2284 781 2361 63
819 2280 973 2346 Androm.
1003 2284 1054 2346 29.
1089 2277 1157 2344 ἐπεὶ
1178 2317 1218 2328 -
1240 2290 1341 2363 γαμεῖ.

176 2383 270 2468 (aliis
296 2383 392 2451 locis:
426 2383 544 2454 Helen.
567 2391 658 2454 1222.
695 2387 764 2452 Ion.
789 2387 899 2468 1560).
934 2424 977 2436 -—
1006 2385 1199 2454 Perversam
1231 2389 1342 2474 eutem

176 2491 325 2558 Seidleri
352 2493 657 2576 interpretationem
677 2496 826 2577 putantis
847 2492 1005 2580 ἔγκληρον
1028 2497 1142 2580 γαμῶν
1163 2512 1235 2560 esse
1259 2511 1342 2577 „non

175 2601 253 2666 sine
269 2600 345 2666 dote
361 2602 552 2668 habiturus“
570 2608 660 2670 recte
682 2604 844 2670 refutavit
867 2604 906 2669 G.
916 2603 1132 2670 Hermannus.
1153 2603 1205 2669 Ea
1220 2607 1340 2683 autem,

175 2727 282 2790 quam
293 2709 363 2790 ipse
374 2712 818 2795 apographonFlorentinum
840 2716 972 2778 secutus
994 2711 1176 2795 proposuit,
1203 2709 1342 2777 mutatio

176 2813 334 2902 ἄκληροι)
375 2817 491 2885 idonea
536 2820 663 2900 quidem
691 2824 780 2887 esset
807 2821 850 2887 ad
880 2837 953 2886 eum
980 2838 1075 2901 quem
1101 2820 1195 2886 modo
1224 2817 1343 2883 consti-

176 2925 303 2992 tuimus
325 2944 453 2993 sensum
474 2928 639 3010 participii
651 2932 783 3014 γαμῶν,
824 2929 881 2994 sed
910 2945 974 2993 non
1004 2933 1072 3010 est,
1107 2947 1165 2996 cur
1186 2926 1343 2993 traditam

177 3033 378 3115 scripturam
399 3037 569 3119 mutemus,
592 3038 786 3117 praesertim
801 3055 872 3102 cnm
888 3035 1061 3118 Euripides
1084 3038 1126 3104 de
1148 3032 1343 3112 hereditate,

177 3159 280 3224 quam
309 3144 347 3207 nt
376 3143 536 3209 hocloco
566 3144 704 3210 maritus
735 3163 792 3226 per
822 3162 953 3210 uxorem
976 3147 1203 3226 consequitur,
1232 3159 1344 3209 vocem

177 3248 338 3336 ἔγκληρος
359 3250 459 3316 etiam
478 3250 574 3334 Hipp.
593 3271 625 3318 v.
647 3257 730 3320 1010
752 3252 806 3338 (cf.
828 3251 1025 3318 Herculiur.
1048 3257 1126 3338 468)
1149 3248 1345 3320 adhibuerit.

176 3357 239 3446 (cf.
263 3357 451 3442 llantung.)⁴

614 3519 915 3526 m—

277 3691 408 3758 ·Versus

291 3803 362 3865 714.
386 3787 415 3886 (ᾗ
438 3793 537 3864 πάντ’
559 3798 624 3885 ἐγώ
648 3796 726 3877 δοὺς
748 3797 836 3886 τᾰμὰ
858 3803 910 3868 καὶ
933 3804 1080 3881 πεισθεὶς
1109 3799 1220 3888 λόγοις

291 3912 363 3974 715.
386 3910 509 3994 μητέρα
533 3905 698 3983 κατακτὰς
720 3903 820 3986 αὐτὸς
842 3903 1102 3996 ἀνταπόλλυμαι.

181 4014 447 4082 Wilamovitzius
476 4017 584 4100 (Auel.
605 4017 629 4082 Ι.
651 4036 682 4099 p.
706 4021 770 4084 244
791 4018 854 4105 sq.)
882 4017 1170 4101 interpolationem
1201 4015 1347 4082 redolere

182 4122 382 4206 arbitratur,
420 4123 496 4204 quia
529 4123 664 4190 Orestes
697 4123 904 4206 parricidium
939 4134 1117 4206 praesente
1148 4126 1246 4192 choro
1269 4125 1348 4188 ante

181 4230 401 4314 coguitionem
430 4234 642 4313 pronuntiare
661 4238 805 4313 nequeat
832 4238 867 4299 et
896 4233 1063 4300 sententia
1085 4233 1187 4306 valde
1216 4229 1347 4313 frigeat.

287 4339 473 4426 Diligenter
507 4340 535 4406 si
568 4343 653 4408 hunc
682 4342 785 4409 locum
816 4343 1073 4430 consideremus
1105 4340 1347 4414 concedendum
