2994 4902
613 311 827 374 ..45-

253 477 301 563 11)
322 495 385 543 151
407 479 500 544 modo
526 495 590 544 non
612 479 808 560 respondeat
835 479 888 562 iis,
920 497 1003 559 quae
1026 478 1160 544 Orestes
1181 496 1212 545 1.
1239 483 1303 544 528

145 580 280 664 dixerit,
300 601 410 650 verum
433 585 532 650 etiam
554 589 623 652 tum

253 689 299 774 (3)
320 697 450 776 repetat
473 694 670 760 sententiam
701 712 823 776 eorum,
849 697 932 774 quae
958 693 1023 759 iam
1046 711 1109 760 uss.
1133 695 1205 758 515.
1229 697 1301 758 516.

146 803 222 864 513.
250 801 348 882 514¹)
371 802 582 883 pronuntiata
600 803 676 884 sint,
703 806 802 882 atque
825 802 909 868 hanc
929 799 1154 883 repetitionem
1176 800 1305 866 minime

146 906 268 973 decere
283 908 442 992 virginem
457 911 566 977 mitem
583 911 819 994 peregrinoque
835 910 885 975 illi
902 910 1108 990 benevolam3
1132 913 1304 991 postremo,

256 1017 303 1104 (4)
324 1035 420 1084 versu
451 1025 514 1086 530
537 1019 784 1103 significandum
807 1018 917 1101 fuerit,
949 1017 1078 1100 singula
1109 1035 1180 1084 esse
1209 1035 1306 1097 quae·

146 1124 263 1190 reuda.

255 1234 305 1298 Ao
333 1234 469 1315 primum
492 1235 620 1315 quidem
642 1234 814 1318 Iphigenia
843 1253 930 1315 cum,
959 1237 997 1298 ut
1024 1251 1042 1299 5
1067 1232 1216 1300 versibus
1245 1238 1305 1299 515

148 1341 384 1408 5152715515
404 1347 513 1425 potest
535 1343 685 1426 perspici,
709 1343 852 1410 1511151
872 1342 1111 1409 111111515111
1131 1341 1307 1407 15115155-

149 1463 246 1513 orum
265 1449 372 1516 reditu
394 1451 566 1534 audiverit,
586 1452 786 1519 occasionem
807 1455 1019 1534 opportunam
1040 1455 1138 1530 atque
1160 1449 1309 1517 idoneam

148 1571 189 1619 ex
220 1557 412 1642 peregrino,
441 1558 541 1642 Argis
570 1560 715 1642 proiecto
747 1565 790 1643 (1.
812 1562 898 1646 515),
929 1558 1069 1625 certiora
1094 1557 1309 1641 cognoscendi

148 1680 214 1728 non
238 1665 314 1730 vult
334 1667 608 1747 praetermittere.
644 1667 748 1750 Quam
771 1668 812 1734 ob
826 1686 896 1734 rem
908 1667 990 1733 satis
1002 1671 1079 1750 apte
1087 1665 1309 1732 Weckleinius

149 1772 238 1838 hane
261 1772 566 1856 interpretationem
588 1795 702 1844 versus
735 1782 797 1842 529
821 1776 1044 1842 commendare
1064 1775 1142 1842 mihi
1163 1775 1308 1842 uidetur:

150 1881 238 1947 hanc
267 1881 353 1947 enirn
382 1884 421 1949 ob
451 1902 581 1950 cansam
608 1885 843 1951 omniasemel
871 1883 954 1950 55115
976 1883 1084 1966 cupio,
1116 1882 1207 1967 quia,
1238 1902 1309 1951 cum

150 1995 292 2056 mortem
312 1990 439 2074 obieris,
462 1992 542 2058 nihii
561 1993 684 2075 poteris
704 1993 783 2059 mihi
806 2011 950 2059 narrare.

256 2097 440 2166 Proximum
455 2105 522 2182 est,
541 2105 578 2167 ut
591 2101 631 2166 de
651 2101 847 2183 repetitione
865 2101 923 2167 illa
935 2099 1123 2168 disseratur.
1155 2099 1311 2166 Similitu-

150 2205 264 2272 dinem
296 2208 457 2287 quandam
493 2209 593 2275 habet
626 2213 853 2294 argumentum
887 2226 1038 2276 versuum
1072 2213 1134 2274 519
1156 2227 1203 2289 sq.
1239 2226 1311 2274 curn

150 2315 355 2381 senariorum
378 2322 439 2384 515
462 2335 509 2400 sq.
533 2323 594 2385 513
615 2336 673 2400 sq,
701 2319 759 2385 sed
781 2335 934 2401 magnum
961 2316 1134 2383 discrimen
1162 2316 1311 2383 interest.

151 2423 238 2489 Nam
267 2441 381 2490 versus
410 2431 472 2490 529
501 2443 565 2492 non
591 2429 660 2492 tam
689 2426 791 2493 iterat
820 2429 1057 2509 argumentum·
1077 2423 1219 2490 trimetri
1248 2428 1310 2489 515

152 2549 254 2610 quam
282 2531 469 2612 amplificat.
515 2533 645 2599 Summa
675 2538 785 2600 autem
815 2551 931 2601 versus
960 2539 1022 2599 529
1051 2550 1128 2598 num
1158 2531 1314 2597 adhorret

152 2639 195 2705 ab
218 2638 412 2722 Iphigeniae
434 2641 554 2724 animo,
590 2659 673 2723 qnae
691 2660 722 2710 1.
740 2647 803 2708 350
824 2641 857 2708 11
880 2659 990 2708 omnes
1012 2639 1312 2708 511515555111515-

153 2749 266 2814 volam
288 2746 358 2815 fore
381 2749 492 2816 dicat?

261 2855 471 2939 Disputemus
491 2875 592 2939 nunc,
623 2857 699 2939 quid
721 2857 762 2923 de
784 2857 883 2925 verbo
906 2850 1005 2940 ἔλεγχ’
1028 2855 1239 2922 statuendum
1260 2855 1312 2920 sit.

156 2964 256 3048 Quia,
277 2971 316 3030 ut
338 2983 356 3031 5
379 2965 522 3033 11151515
546 2965 669 3046 reliquo
692 2969 861 3047 appareat,
884 2964 1010 3030 reditus
1026 2965 1230 3030 Achaeorum
1249 2963 1314 3028 sin-

156 3073 308 3156 gulatim,
329 3091 392 3140 non
413 3073 596 3140 summatim
618 3074 791 3154 referatur,
814 3072 1009 3139 adverbum
1030 3065 1129 3157 ἔλεγχ’
1142 3075 1316 3154 propterea

156 3179 341 3248 addendum
363 3200 434 3248 esse
457 3179 576 3248 ἕκαστα
587 3182 642 3248 151
661 3177 817 3258 ἑκάστους
837 3178 976 3266 (ἐφεξῆς)
995 3178 1159 3246 Usenerus
1177 3179 1316 3245 arbitra-

154 3293 224 3368 tur,
254 3291 352 3373 quod,
382 3291 445 3356 nisi
467 3291 648 3358 huiusmodi
674 3290 751 3369 quid
772 3289 967 3372 adiceretur,
997 3306 1016 3353 5
1036 3306 1134 3355 versu
1157 3294 1219 3355 528
1243 3305 1316 3370 sup-

158 3397 312 3478 piendum
332 3397 376 3464 sit
397 3395 500 3465 πάνθ’
522 3391 611 3479 ἅπαξ
641 3399 856 3478 συλλαβοῦσα.
900 3396 960 3462 Cui
993 3395 1134 3478 opinioni
1164 3395 1318 3462 assentiri

160 3523 227 3572 non
258 3524 435 3587 possumus.
479 3508 612 3572 Etenim
642 3508 793 3588 Orestes,
822 3506 891 3572 sivo
924 3505 1022 3587 quod,
1052 3503 1317 3585 quemadmodum

161 3611 349 3697 Koechlyus
378 3615 627 3698 interpretatur,
657 3615 831 3680 moriturus
860 3632 900 3680 ea
928 3611 1028 3678 animi
1051 3611 1224 3677 affectione
1253 3629 1316 3676 non

161 3727 224 3802 est,
244 3726 282 3787 ut
302 3723 430 3805 copiose
450 3728 550 3804 atque
572 3742 635 3790 uno
658 3728 773 3791 tenore
794 3727 916 3804 narret,
938 3722 1008 3789 5115
1030 3720 1123 3801 5151,
1150 3719 1317 3786 111115511-

162 3829 280 3896 leinius
301 3830 433 3915 indicat,
457 3851 529 3899 cum
545 3834 603 3900 alii
622 3834 688 3901 alia
710 3852 779 3900 sors
797 3832 983 3916 contigerit,
1005 3831 1189 3898 universum
1205 3831 1317 3896 breve·

163 3957 226 4018 qne
247 3957 434 4022 responsum
455 3942 547 4008 reddi
566 3960 630 4009 non
652 3961 746 4026 posse
769 3943 882 4025 credit,
907 3942 958 4027 (ni
978 3959 1039 4023 ego
1055 3939 1161 4022 fallor,
1179 3943 1318 4018 utraque

164 4065 265 4114 causa
285 4051 484 4136 commotus),
509 4070 538 4119 1.
561 4057 623 4118 518
647 4070 717 4118 cum
740 4049 965 4134 indignatione
987 4047 1052 4114 iarn
1074 4047 1223 4130 negavit,
1247 4047 1316 4112 fieri

165 4158 293 4223 omnino
320 4177 427 4240 posse,
458 4163 495 4224 ut
523 4161 648 4226 reditus
676 4160 858 4226 summatim
887 4161 1067 4226 enarretur.
1110 4156 1189 4222 Ideo
1217 4155 1317 4223 verbo

273 4395 290 4458 ¹)
310 4393 338 4446 111
359 4391 560 4446 11115551111115111
581 4393 758 4446 1111511115111115
779 4397 850 4448 15515
870 4389 1095 4446 15151155111111111.
