2994 4902
114 1078 127 1349 ξ
290 1171 295 1181 ’
585 1197 845 1305 Praefatio.

112 1377 120 1509 ξ

110 1482 119 1617 ξ

103 1620 116 1728 ξ
234 1573 513 1692 Interpolationis
532 1609 738 1693 indagandae
754 1610 922 1678 studium'
913 1630 947 1676 m
963 1611 1148 1695 Euripideis
1171 1611 1292 1681 fabulis

103 1680 375 1821 {Valckenarius
404 1721 472 1786 edit
473 1719 600 1785 ionibus
628 1719 878 1788 Phoenissarum
906 1721 1028 1807 (1755)
1055 1729 1090 1788 ιι
1122 1724 1293 1810 Hippolyti

102 1834 109 1901 l
128 1832 246 1916 (1768)
270 1830 440 1895 excitavit.
486 1828 568 1893 Nam
592 1845 664 1892 cum
686 1833 765 1893 aute
788 1847 860 1894 eum
877 1830 939 1895 viri
963 1831 1060 1914 docti,
1025 1832 1268 1912 tquidquid
1259 1853 1293 1899 ιιι

100 1908 108 1983 ξ
129 1937 299 2004 codicibus
320 1936 541 2017 inveniebant,
563 1935 736 2000 defendere
758 1954 798 2001 ac
819 1937 956 2018 probare
978 1946 1187 2022 conarentur,
1217 1960 1293 2008 ean·

96 2004 711 2124 ,dem¹viamacssent1e1usquihoo
734 2051 889 2126 praecept
891 2064 944 2110 um
965 2047 1153 2114 constituit:
1180 2050 1293 2130 „nobis

97 2128 166 2247 ξιι
188 2154 276 2220 ιιιιο
299 2161 334 2220 ιι
356 2171 410 2217 res
431 2152 502 2235 ipse
523 2157 654 2217 centum
676 2152 919 2218 codicibust
862 2159 919 2234 pot
920 2153 1004 2220 iores
1027 2159 1104 2220 sunt
1107 2157 1199 2242 “(od
1212 2157 1292 2224 Hor.

132 2282 232 2330 earm.
245 2262 308 2328 III.
321 2267 362 2328 27
364 2262 457 2348 ,15),
481 2261 647 2342 ingressus
667 2261 814 2326 omnibus
834 2261 1068 2342 praeiudicatis
1090 2264 1293 2346 opinionibus

95 2412 99 2423 ·
133 2371 272 2438 obiectis
301 2387 419 2452 magno
449 2367 572 2452 ingenii
594 2369 742 2434 acumine
764 2369 936 2452 quaesivit,
962 2370 1017 2450 qui
1038 2390 1153 2438 versus
1182 2379 1293 2440 essent

90 2430 100 2569 ξ
135 2479 235 2561 spurii
257 2484 316 2544 aut
339 2478 456 2543 saltem
477 2475 576 2542 dubii.
622 2477 728 2560 Quam
745 2478 904 2544 rationem
926 2478 1031 2543 secuti
1051 2479 1207 2561 imprimis
1221 2481 1294 2546 Bri·

89 2574 97 2687 ξ
135 2587 228 2652 taoni
263 2592 298 2652 et
325 2585 481 2652 Germani
507 2587 636 2650 ceteras
671 2585 837 2667 Euripidis
873 2586 1062 2670 tragoedias
1094 2589 1294 2670 perscrutati

88 2694 96 2797 ξ
136 2699 223 2760 sunt:
243 2699 288 2778 (3)
299 2692 778 2779 Marklandus(1763-1783),
800 2694 846 2780 (7)
861 2694 1026 2760 Brunkius
1041 2697 1293 2780 (1779-1793),

84 2810 93 2907 ξ
137 2803 203 2889 (19)
226 2799 435 2884 Musgravius
457 2804 581 2884 (1778);
607 2801 676 2886 (13)
700 2799 739 2865 G.
754 2800 1222 2889 Hennanuus(1810-184l),
1246 2806 1294 2892 (3)

137 2910 301 2976 Seidlerus
320 2908 580 2995 (1819-1813),
604 2907 806 2974 Matthiaeus
829 2909 1044 2994 (1813-29);
1071 2910 1294 2979 Kirchboffius

137 3019 244 3104 (1855.
271 3017 377 3103 1867),
398 3015 566 3088 Nauckius
590 3019 686 3098 (1876
703 3015 766 3082 ΙΠ.
786 3016 890 3103 edit),
914 3016 953 3082 G.
975 3016 1162 3085 Dindorfius
1183 3019 1293 3106 (1869.

137 3127 175 3194 l'.
194 3127 299 3213 edit),
321 3127 436 3207 quibus
458 3145 500 3192 ex
522 3124 604 3192 viris
628 3124 734 3190 doctis
755 3131 824 3191 tres
846 3125 1042 3207 posteriores
1063 3127 1202 3192 omnium
1225 3132 1293 3194 tra-

138 3234 322 3318 goediarum
331 3233 527 3300 editionibus
538 3232 645 3298 iustae
654 3231 905 3299 existimationis
916 3233 1292 3303 ieceruntlundamenta.

238 3341 289 3407 De
327 3342 580 3424 interpolatione
614 3342 838 3407 disseruerunt
874 3341 1079 3425 Hartuugius
1115 3341 1294 3428 (Euripidis

142 3451 307 3535 Iphigenia
336 3451 371 3515 in
393 3450 522 3517 Aulide.
567 3447 829 3516 Praemittuntur
859 3451 899 3516 de
919 3449 1084 3532 Euripidis
1110 3451 1295 3520 fabularum

141 3558 389 3640 interpolatione
417 3557 656 3640 disputationes
684 3557 778 3624 duae.
822 3556 991 3641 Erlongae
1020 3560 1116 3644 1837)
1145 3563 1179 3625 ιι
1199 3559 1294 3628 Firu-

144 3667 279 3734 baberus
291 3665 367 3752 (Die
379 3664 695 3749 Verdtchtigungeu
708 3665 1085 3748 EuripideisoberVerse
1106 3666 1296 3734 beleucbtet

143 3777 202 3843 und
219 3774 254 3841 in
266 3774 329 3840 deu
338 3773 519 3840 Phtnissen
534 3791 565 3841 u.
580 3774 639 3840 der
646 3773 764 3840 Medea
781 3774 1068 3858 zurtickgewiesen
1078 3779 1141 3841 etc.
1157 3775 1296 3864 Leipzig

146 3887 251 3966 1810),
282 3902 415 3964 quorum
446 3883 533 3950 alter
562 3882 595 3948 in
625 3883 849 3966 expungendis
876 3881 1024 3950 versibus
1049 3881 1098 3948 ita
1123 3892 1296 3968 grassatus

146 3999 199 4076 est,
215 3995 252 4058 ut
271 3992 304 4058 iu
317 3991 475 4074 Euripide
492 3990 647 4058 restituto
669 3997 703 4056 et
718 3991 752 4056 in
763 3991 1013 4057 Phoenissarum
1028 3991 1170 4060 editione
1183 3999 1295 4086 (1849)

146 4101 275 4186 plurima
297 4099 393 4166 irrita
416 4100 559 4182 laseret3
595 4101 682 4166 alter
706 4099 740 4166 iu
767 4098 980 4166 defendendis
999 4099 1146 4168 versibus
1173 4103 1295 4174 iustum

147 4209 418 4292 modumtrausiit,
439 4213 475 4275 ut
489 4227 594 4290 paene
611 4228 751 4292 negasse
772 4208 934 4290 videatur,
957 4207 1027 4274 fieri
1042 4211 1169 4277 omnino
1189 4232 1294 4302 posse,

148 4324 180 4386 ut
205 4335 319 4384 versus
344 4316 603 4384 inculcarentur:
632 4335 714 4400 quae
738 4316 865 4400 quidem
892 4316 998 4400 opinio
1025 4335 1120 4397 quam
1139 4337 1295 4400 perversa

148 4427 194 4510 sit,
215 4445 256 4492 ex
278 4426 530 4510 quaestionibus,
548 4445 630 4508 qum
644 4425 731 4494 iufra
744 4428 1028 4506 enumerabuntur,
1041 4425 1130 4492 clare
1143 4426 1293 4500 elucebit.

1074 4529 1086 4582 l
