2994 4902
647 313 859 374 454..

174 481 371 548 trucidaturi
391 485 476 563 sunt,
500 500 572 547 cnm
594 484 788 564 argumento
809 479 1007 546 senariorum
1032 486 1201 548 dli-622
1223 484 1333 562 postu-

176 591 275 673 latur,
299 594 368 655 tum
391 589 457 656 vim
478 589 590 656 horum
612 607 763 656 versuum
785 607 849 655 nou
871 587 1036 654 deminuit.

276 697 386 777 Atque
415 701 453 762 ut
479 697 664 779 rideamne,
696 715 771 762 num
800 693 938 762 omnino>
957 699 991 760 et
1021 695 1097 776 quid
1125 695 1334 777 Aristoteles,

178 823 271 885 quem
292 804 404 871 ducem
426 803 467 870 H.
489 803 666 871 Muellerus
688 807 739 870 est
763 806 908 886 secutus,
940 803 980 868 de
1004 805 1065 869 hoc
1087 803 1232 870 diverbio
1252 802 1335 869 indi·

176 913 316 995 caverit,
350 912 493 979 dubitari
522 913 649 995 nequit,
680 913 757 994 quin
792 911 892 978 etiam
920 911 1014 977 huius
1049 912 1181 978 fabulae
1211 913 1336 978 virtute

175 1025 351 1100 commotus
372 1021 572 1087 Aristoteles
600 1021 750 1103 Euripidi
777 1020 858 1087 illud
887 1038 1003 1087 nomen
1031 1020 1158 1086 dederit
1187 1021 1336 1104 praecla-

173 1129 333 1196 rissimum
356 1129 460 1214 (Post.
482 1129 578 1196 XIII.
601 1133 643 1212 6).
682 1129 814 1195 Laudat
842 1128 927 1194 enim
951 1129 1201 1210 comprobatque
1228 1129 1335 1212 dispo·

176 1239 326 1305 sitionem
358 1237 453 1304 huius
483 1237 673 1321 tragoediae
700 1257 739 1304 ac
765 1237 942 1320 rationem,
978 1256 1042 1318 qua
1071 1242 1169 1319 poeta
1204 1257 1257 1304 res
1286 1239 1337 1304 ita

178 1349 358 1429 componat,
373 1351 410 1413 ut
430 1347 465 1412 in
477 1347 715 1428 spectatoribus
725 1351 831 1412 metus
842 1345 1125 1426 misericordiaque
1137 1347 1335 1414 excitentur.

180 1454 433 1522 PoetXVIL3.
455 1455 544 1520 XIV.
557 1458 586 1522 9.
620 1455 690 1538 Quo
708 1454 887 1538 posteriore
909 1456 990 1537 loco,
1012 1473 1204 1535 quamquam
1225 1455 1337 1523 verbis

181 1582 245 1631 non
273 1563 449 1645 indicatur,
477 1562 619 1629 fortasse
642 1563 768 1644 opinari
801 1563 896 1644 licet,
921 1563 981 1629 hoc
1017 1562 1198 1629 diverbium
1229 1564 1338 1630 auimo

181 1671 371 1738 Aristotelis
400 1671 607 1739 obversatum
636 1663 717 1737 esse.
764 1670 826 1753 Qui
855 1671 966 1753 docet,
998 1689 1068 1737 eam
1090 1669 1234 1737 fabulam
1265 1691 1339 1739 esse

184 1779 304 1864 optime
326 1777 535 1862 compositam
563 1783 662 1859 atque
684 1778 726 1845 ad
748 1782 869 1844 metum
894 1777 1210 1860 misericordiamque
1232 1780 1339 1845 conci-

181 1889 315 1954 tandam
337 1887 475 1955 maxime
490 1887 648 1969 idoneam,
670 1887 703 1952 in
723 1904 786 1966 qua
801 1904 959 1968 personae
974 1886 1097 1952 insciae
1116 1887 1244 1953 facinus
1265 1907 1340 1970 per-

178 1995 333 2063 niciosum
366 1995 574 2078 perfecturae
607 1993 687 2072 sint,
711 1995 785 2075 sed,
817 1994 1005 2076 priusquam
1033 1994 1223 2078 conficiant,
1255 1995 1341 2064 illud

177 2107 386 2188 cognoscant.
439 2104 501 2169 Ita·
531 2103 617 2185 apud
649 2101 838 2186 Euripidem
870 2103 904 2168 in
938 2102 1139 2184 Cresphonte
1170 2103 1340 2186 Meropem

176 2207 286 2296 lilium,
309 2213 343 2279 in
357 2211 528 2296 Iphigenia
546 2211 687 2278 Taurica
702 2211 907 2294 Iphigeniam
928 2211 1064 2279 fratrem
1085 2212 1336 2280 interfecturam

178 2341 263 2404 esse,
289 2321 346 2387 sed
367 2339 403 2386 re
425 2324 597 2403 perspecta
626 2338 690 2384 non
712 2319 906 2385 interficere.
952 2320 1067 2403 Potest
1088 2321 1191 2404 igitur
1211 2323 1341 2389 Aristo-

177 2429 376 2498 telesvideri
387 2432 531 2511 putasse,
558 2427 759 2510 iphigeniam
771 2428 908 2493 fratrem
928 2447 1004 2494 ense
1021 2430 1159 2496 caedere
1175 2430 1338 2499 debuisse.

182 2537 247 2604 Sed
267 2538 294 2603 si
317 2537 377 2602 hoc
399 2535 461 2601 sibi
481 2535 706 2618 persuasisset,
732 2535 1045 2619 contraheripidem
1064 2537 1168 2619 ipsum
1190 2537 1341 2622 dixisset,

179 2646 221 2712 cf.
236 2663 299 2713 rss.
313 2652 373 2712 621
387 2664 433 2725 sq.
449 2645 567 2725 Itaque
579 2645 802 2726 philosophum
819 2665 900 2728 eam,
922 2665 1018 2727 quam
1029 2647 1206 2714 Muellerus
1213 2666 1271 2730 pro
1282 2643 1341 2714 ne-

179 2754 321 2820 cessaria
332 2754 448 2835 habet,
471 2747 704 2836 perfectionem
721 2755 903 2836 postulasse
918 2774 1032 2837 parum
1050 2755 1234 2821 verisimile
1253 2757 1341 2822 arhi-

179 2867 257 2928 tror.
279 2861 453 2944 Iphigenia
468 2866 593 2944 autem,
610 2880 804 2943 quamquam
815 2881 879 2928 non
891 2881 950 2928 sua
967 2863 1067 2944 ipsius
1082 2882 1178 2929 mann
1201 2863 1259 2929 sed
1279 2883 1342 2946 per

181 2970 264 3036 alios
279 2969 379 3036 caede
401 2969 618 3053 perfungitur,
646 2975 767 3053 tamen,
791 2969 1050 3050 quandoquidem
1066 2970 1202 3036 aliorum
1218 2971 1343 3037 auxilio

180 3078 254 3144 vult
275 3076 317 3142 ad
344 3075 439 3141 finem
459 3077 637 3158 perducere
665 3077 713 3161 id,
747 3077 831 3158 quod
860 3077 993 3160 Meropa
1021 3077 1092 3159 ipsa
1118 3082 1169 3142 est
1198 3077 1342 3161 factura,

179 3185 360 3252 rectissime
404 3185 517 3250 eadem
553 3186 741 3253 condicione
785 3205 824 3252 ac
852 3185 986 3268 Meropa
1016 3186 1162 3251 occisura
1194 3204 1265 3252 esse
1298 3187 1342 3253 ab

180 3294 360 3360 Aristotele
389 3291 515 3358 dicitur.
559 3294 640 3360 Inde
670 3295 779 3378 colligi
807 3295 939 3362 ridetur
966 3312 1073 3376 posse,
1104 3294 1342 3378 philosophum,

183 3403 211 3472 si
230 3402 322 3470 modo
348 3401 383 3467 in
412 3401 469 3468 illo
492 3401 575 3468 artis
599 3404 749 3484 poeticae
777 3404 848 3469 loco
879 3403 1088 3485 concipiendo
1116 3402 1211 3469 huius
1239 3404 1343 3485 ipsius

180 3511 319 3580 diverbii
338 3509 544 3584 meminerat,
575 3529 639 3578 non
667 3511 845 3595 auspicium
872 3510 1101 3577 immolationis
1134 3511 1250 3594 solum,
1282 3514 1343 3580 sed

181 3625 284 3689 totam
304 3618 556 3686 immolationem
576 3619 611 3684 in
632 3619 739 3687 animo
761 3619 923 3686 habuisse.
959 3619 1061 3686 Vides
1082 3620 1184 3704 igitur
1207 3625 1341 3687 senten-

182 3731 273 3812 tiam,
296 3747 392 3810 quam
412 3729 452 3794 de
473 3727 508 3794 vi
526 3732 858 3795 versunm617-624
872 3747 969 3810 snpra
989 3729 1191 3813 protulimus
1214 3728 1342 3798 Aristo-

182 3838 242 3904 teli
261 3856 326 3903 non
347 3855 540 3921 repugnare.

286 3935 410 4027 Quibus
425 3944 628 4028 argumentis
641 3944 809 4028 perpensis
821 3944 1017 4027 persuadere
1029 3945 1107 4010 mihi
1125 3964 1187 4011 uon
1200 3963 1340 4031 possum,

143 4088 146 4096 .
184 4051 226 4119 H.
246 4051 397 4118 Muelleri
418 4054 598 4135 opinionem
621 4071 692 4120 esse
715 4053 994 4135 comprobandam.

189 4264 192 4272 '
287 4261 441 4348 Pylades,
463 4283 522 4347 per
543 4283 637 4346 quem
649 4265 822 4349 iphigenia
843 4263 974 4330 litteras
985 4264 1092 4346 Argos
1104 4263 1177 4329 vult
1198 4262 1340 4345 mittere,

185 4371 550 4456 vehementerrecusat,
570 4392 612 4440 ne
634 4374 788 4457 sodalem,
811 4373 851 4440 de
875 4390 936 4455 quo
949 4371 1139 4455 supplicium
1152 4371 1197 4437 sit
1214 4389 1342 4437 sumen·
