2994 4902
639 331 847 390 -28.-

164 491 333 556 verborum
356 491 481 577 χρόνιοι
502 487 612 579 ἤκουον’
630 490 764 560 cottam
786 497 865 562 ferri
884 501 1033 576 nequeat.
1080 500 1172 580 Quae
1193 497 1323 578 quidem

168 616 221 662 res
243 600 399 678 quomodo
423 619 458 666 se
479 601 617 684 habeat,
648 605 760 684 paucis
783 623 984 685 quaeramus,
1029 607 1136 672 Attici
1157 612 1191 671 et
1214 624 1324 670 rerum

165 704 340 788 scriptores
359 712 394 773 et
407 714 524 790 poetae
547 729 604 775 eas
619 712 870 794 enuntiationes
887 732 969 792 quae
987 715 1141 795 temporis
1159 713 1324 780 notionem

166 815 345 898 continent,
369 835 597 898 nonnunquam
618 838 691 885 cum
714 821 909 903 copulativis
924 821 1094 903 particulis
1112 822 1323 906 coniungunt,

162 939 220 1004 pro
241 923 357 1002 quibus
378 925 473 1007 tales
495 927 608 1005 quales
627 931 704 992 sunt
726 920 781 992 ὅτε
796 920 899 1013 ἡνίκα,
916 933 1133 1010 exspectares.
1179 929 1240 994 Pro
1263 924 1324 1014 ἥδη

163 1033 223 1116 (τε)
245 1020 285 1116 ἦν
314 1051 385 1096 cum
419 1035 573 1114 temporis
594 1035 726 1101 notione
748 1041 783 1101 ct
805 1035 900 1121 ἡνίκα
922 1038 976 1103 vel
999 1029 1054 1104 ὅτε
1083 1057 1181 1119 saepe
1204 1037 1325 1119 reperi-

163 1157 233 1204 mus
260 1134 320 1226 ἢδη
349 1142 409 1225 (τε)
436 1129 476 1227 ἦν
564 1143 626 1210 καί.
669 1143 754 1209 ch.
776 1163 848 1226 exp.
865 1146 891 1210 Ι.
908 1151 936 1210 Β.
959 1151 986 1227 1,
1010 1145 1054 1209 H.
1074 1151 1101 1214 1.
1125 1152 1153 1210 7.
1176 1146 1234 1212 IV.
1246 1151 1276 1212 6.
1292 1152 1324 1212 2.

163 1245 218 1316 Vl.
242 1252 270 1314 4.
289 1254 340 1318 26.
361 1249 457 1330 Soph.
480 1250 618 1316 Philoct.
641 1256 756 1332 354sq.

418 1347 457 1443 ἦν
481 1353 509 1423 6⁰
510 1348 593 1444 ἦμαρ
615 1354 663 1445 ἥδ
669 1384 689 1445 η
712 1352 866 1446 δεύτερον
888 1361 1025 1426 πλέοντι
1046 1384 1101 1446 μοι

420 1463 520 1552 κάγοὸ
545 1517 578 1533 ..
603 1518 609 1532 .
634 1517 641 1534 .
665 1462 860 1554 κατηγόμην.

163 1572 286 1638 Exstat
295 1574 639 1658 apudXenophoutem
652 1576 775 1658 (exped.
790 1576 816 1640 Ι,
826 1578 890 1660 8,8)
903 1577 956 1640 καὶ
973 1571 1019 1662 ἥδ
1027 1601 1046 1661 η
1066 1599 1109 1641 τε
1130 1563 1176 1660 ἦν
1199 1574 1325 1658 μέσον

162 1671 316 1766 ἡμέρας
336 1684 402 1746 καὶ
424 1678 540 1748 οὔπω
562 1697 762 1768 καταφανεῖς
781 1673 891 1770 ἦσαν.
924 1685 1082 1749 Attamen
1108 1701 1225 1766 parum
1253 1681 1326 1747 veri

163 1788 267 1853 simile
299 1789 441 1872 videtur,
472 1810 509 1856 eo
536 1791 591 1872 qui
620 1797 671 1858 est
698 1792 881 1873 propositus
907 1793 976 1857 loco
998 1796 1128 1873 poetam
1154 1788 1325 1871 scripsisse

161 1892 290 1982 χρόνιοι
312 1948 319 1963 .
342 1951 348 1962 .
372 1951 377 1963 .
400 1950 407 1964 .
430 1893 565 1965 οὐδέπω
588 1900 624 1986 (i.
637 1918 663 1964 e.
687 1892 742 1965 ὅτε
762 1894 881 1977 οὔπω).
914 1899 995 1965 Nam
1019 1919 1091 1964 cum
1112 1899 1146 1964 in
1169 1897 1326 1978 exemplis

162 2006 254 2070 modo
277 2007 390 2072 allatis
407 2010 535 2090 tempus
557 2009 799 2074 enuntiatorum
818 2009 982 2090 particula
1003 2009 1056 2072 καὶ
1080 2007 1325 2073 coniunctorum

162 2112 247 2179 idem
270 2113 327 2196 sit,
356 2132 419 2182 uss.
442 2122 504 2182 258
528 2135 572 2196 sq.
596 2117 727 2184 diversa
747 2121 895 2198 tempora
917 2117 1134 2182 continentur.
1178 2114 1224 2179 Et
1246 2132 1325 2193 quo-

165 2222 251 2287 niam
273 2223 439 2306 peregrini
461 2225 523 2290 uisi
546 2244 587 2290 ex
608 2244 645 2291 eo
669 2231 829 2307 tempore,
862 2243 923 2305 quo
947 2224 1066 2291 Graeci
1086 2224 1213 2289 Dianae
1235 2225 1325 2304 post-

164 2347 286 2395 remum
317 2332 455 2397 mactati
477 2339 562 2415 sunt,
588 2329 717 2418 χρόνιοι
738 2333 867 2399 venisse
890 2333 954 2399 dioi
978 2352 1041 2399 non
1069 2338 1220 2414 possunt,
1251 2332 1325 2410 quis

164 2445 224 2521 est,
250 2440 301 2505 oui
324 2439 376 2505 hic
399 2459 514 2508 sensus
532 2442 703 2524 probetur:
724 2445 896 2523 postquam
917 2442 994 2508 imlc
1008 2461 1028 2506 a
1044 2438 1325 2522 postremaGrne-

164 2565 272 2613 corum
301 2548 521 2615 immolatione
543 2549 674 2632 longum
696 2555 824 2633 tempus
846 2549 1032 2632 praeteriit,
1055 2553 1226 2630 venerunt,
1250 2566 1325 2613 cum

162 2675 221 2722 ara
244 2657 402 2740 sanguine
423 2657 621 2724 Graecorum
649 2660 790 2726 nonduin
812 2677 945 2740 aspersa
972 2657 1048 2724 cst?
1091 2657 1144 2722 Ex
1165 2657 1215 2738 iis,
1239 2675 1325 2735 quae

164 2784 261 2847 supra
282 2765 456 2849 docuimus,
480 2768 597 2849 clucet,
621 2767 811 2849 opinionem,
838 2786 934 2847 quam
953 2765 1207 2832 G.Hermannus
1228 2763 1325 2829 uirus

164 2873 242 2941 (led.
264 2878 327 2955 tyr.
350 2879 411 2939 717
433 2893 477 2955 sq.
505 2871 624 2954 παιδὸς
653 2876 688 2941 δὲ
714 2869 856 2955 βλάστας
882 2870 923 2940 ου’
945 2875 1075 2958 διέσχον
1096 2873 1211 2960 ἡμέραν
1236 2885 1326 2956 τρεῖς

163 2983 216 3046 καί
245 3006 298 3046 νιν
321 3036 326 3048 .
352 3034 358 3046 .
384 3035 390 3046 .
414 2981 546 3070 ἔρῥιψεν
575 2984 727 3066 protulit,
757 3003 828 3050 curn
865 2984 904 3049 G.
930 2981 1098 3048 Dindorfio
1125 2980 1325 3047 reiciendum

164 3107 242 3155 esse.
289 3089 408 3155 Censet
440 3091 524 3156 euim
546 3092 603 3157 ille
627 3092 676 3159 vir
702 3092 922 3174 doctissimus,
950 3086 1029 3155 οὐδὲ
1054 3113 1109 3155 πω
1132 3089 1178 3154 sic
1199 3088 1324 3154 dictum

164 3216 253 3279 esse,
277 3204 315 3263 ut
335 3199 436 3264 verba
460 3201 536 3280 „diu
559 3205 670 3266 estet
699 3201 863 3266 noudum
884 3198 1060 3266 sacrificati
1082 3202 1159 3263 sunt
1181 3197 1321 3262 Graeoi“

166 3307 351 3389 significent
365 3308 439 3389 „diu
461 3313 513 3373 est
535 3328 580 3373 ex
603 3328 675 3389 quo
696 3327 768 3374 nou
790 3311 866 3374 sunt
885 3307 1091 3389 sacrificati,“
1106 3325 1201 3387 quam
1221 3305 1324 3370 iuter-

166 3415 384 3496 pretationem
407 3417 493 3482 haud
516 3417 634 3483 iniuria
654 3417 860 3500 Hartungius
881 3420 979 3482 vocat
1001 3413 1251 3482 cavillationem.
1288 3413 1325 3478 Si

166 3529 276 3589 autem
292 3543 404 3590 vocem
426 3521 561 3589 ον’ὄέπω
579 3525 835 3606 interpretamur
847 3524 1022 3606 „necdum‘
1048 3523 1134 3588 etad
1149 3521 1183 3588 id
1194 3527 1325 3602 tempus

168 3631 346 3713 referimus
370 3632 454 3711 quod
476 3631 615 3697 interest
637 3633 724 3697 inter
744 3635 899 3714 postremi
914 3632 1033 3698 Graeci
1051 3629 1324 3697 sacrificationem

168 3744 202 3804 et
226 3738 354 3805 Orestis
378 3739 576 3822 Pyladisque
604 3740 796 3822 adveutum,
827 3740 908 3805 haec
935 3741 1048 3820 inepta
1074 3737 1239 3803 sententia
1265 3755 1324 3802 nn·

165 3848 280 3914 scitur:
305 3855 475 3930 postquam
496 3869 536 3915 ex
557 3853 720 3930 postrema
731 3848 928 3914 Graecorum
951 3847 1170 3912 immolatione
1192 3847 1325 3928 longum

163 3958 291 4034 tempus
312 3957 502 4038 praeteriit,
526 3961 702 4038 venerunt,
735 3956 872 4021 necdum
894 3955 994 4036 (intra
1014 3956 1073 4020 lroo
1093 3954 1225 4036 longum
1242 3957 1324 4018 tcm-

164 4063 252 4144 poris
267 4065 422 4146 spatium)
443 4117 449 4129 .
470 4116 477 4130 .
500 4117 505 4130 .
525 4084 583 4130 ara
603 4084 737 4146 aspersa
754 4070 814 4130 est.
846 4063 1004 4130 Similiter
1020 4063 1167 4144 disputat
1182 4062 1324 4128 Kvicala

165 4173 281 4258 (Beitr.
301 4193 332 4254 p.
352 4177 413 4240 233
426 4180 485 4254 sq.)
508 4175 696 4240 adverbium
722 4168 855 4238 οὐδέπω
877 4172 981 4237 minus
1000 4175 1078 4252 apte
1099 4171 1324 4253 interpretans

169 4288 380 4368 „uunqunm.“
426 4284 574 4364 Apparet
597 4283 699 4366 igitur
721 4281 946 4348 emendatione
977 4299 1107 4362 prorsus
1136 4299 1216 4362 opus
1242 4297 1323 4346 esse.

269 4389 461 4455 Perversnm
483 4409 554 4456 csse
576 4388 661 4475 ola,
684 4394 767 4474 quod
782 4390 1011 4458 ll'itusclrelius
1030 4389 1205 4472 proposuit,
1229 4407 1323 4455 uerno
