2994 4902
624 274 834 338 ..42..

157 434 279 524 βρότον
310 441 354 518 εἰς
382 435 577 527 decuriorum.
628 444 772 527 Theogu.
802 446 874 512 404.
906 445 1032 531 δαίμων
1063 444 1095 523 ἐς
1125 440 1312 531 ἀμπλακίην

157 539 318 633 παράγει),
337 548 379 614 ad
401 550 486 616 hunc
507 550 611 616 locum
635 569 699 617 non
721 551 869 632 quadrat.

263 655 354 738 Quae
377 656 404 722 si
429 656 479 723 ita
498 663 584 739 sunt,
607 658 771 742 quoniam,
794 663 869 725 utut
890 678 1005 726 versus
1023 663 1085 725 477
1110 658 1313 740 emendatur,

159 762 355 846 tautologia,
385 764 419 830 in
451 783 515 846 qua
536 766 586 832 illi
611 767 674 834 viri
702 767 790 834 docti
819 786 876 834 suo
898 767 967 834 iure
1000 768 1217 850 offenderunt,
1247 784 1314 832 non

159 874 354 953 removetur,
375 889 439 937 non
452 872 564 939 dubito
581 873 759 941 Schmidtio
778 875 941 958 assentiri,
961 894 1089 943 versum
1101 881 1164 941 478
1179 878 1316 957 propter

158 975 238 1043 illud
260 979 457 1046 antecedens
479 976 598 1047 κου’θὲν
620 977 680 1048 οἶδ’
700 978 806 1063 οὐδεὶς
828 1003 900 1050 esse
923 985 1121 1050 inculcatum
1142 988 1252 1065 atque,
1276 987 1316 1048 ut

160 1083 324 1153 Hirzelius
346 1094 472 1172 censet,
496 1091 537 1156 ab
560 1109 612 1174 eo,
641 1092 695 1173 qui
716 1095 813 1176 paulo
834 1094 922 1161 infra
943 1113 1072 1162 versum
1091 1098 1155 1160 486
1178 1091 1316 1159 addidit.

587 1337 892 1348 --———-..-.-....——-—-.

259 1596 396 1664 Versum
418 1600 481 1664 486

383 1721 444 1812 οὐχ
467 1720 557 1804 ὅστις
566 1720 680 1814 ’Ἁιδην
701 1727 792 1815 ἕγγνς
813 1724 881 1798 ὄντ’
902 1731 1073 1815 οἰκτίζεται

160 1859 344 1937 suspectum
369 1857 483 1924 habuit
505 1857 733 1941 MarklanduS,
765 1877 858 1940 quern
880 1847 1320 1943 praete1·G.Hermannum

160 1961 404 2032 Witzschelium
427 1965 663 2032 Kirchhoffium
685 1967 850 2033 Klotzium
871 1968 1034 2034 Buuernm
1066 1966 1183 2046 reliqui
1209 1964 1319 2030 critici

158 2072 357 2140 recentiores
381 2074 486 2140 secuti
508 2078 594 2157 sunt,
618 2077 658 2141 ob
680 2076 915 2158 praecedentes
943 2076 1022 2141 riuos
1044 2092 1168 2156 versus,
1191 2073 1225 2158 iu
1246 2075 1319 2153 qui-

160 2180 219 2246 bus
248 2181 362 2247 eadem
389 2201 442 2249 res
482 2183 712 2252 contineretur.
762 2183 950 2267 Respondet
986 2183 1072 2250 enim
1101 2175 1191 2259 ὅστις
1218 2181 1319 2248 οἰκτί-

159 2295 245 2371 ζεται
267 2289 437 2356 enuntiato
463 2291 603 2359 relativo
625 2284 663 2370 ὃς
687 2285 729 2357 ἂν
754 2291 856 2377 οἴκτῳ
882 2342 889 2357 .
912 2342 918 2356 .
944 2283 1097 2376 .;(Ἁιδην
1127 2287 1219 2375 ἕγγνς
1247 2283 1320 2354 ὄντ’

158 2395 267 2462 verbis
293 2397 422 2482 μέλλων
442 2405 558 2465 θανεῖν
584 2400 744 2486 σωτηρίας
765 2387 915 2479 dommim
944 2393 1005 2484 οὐχ
1027 2395 1195 2480 negationi
1215 2395 1319 2478 parti-

160 2504 253 2570 culae
275 2499 378 2590 αὔτοι,
408 2511 446 2573 ut
467 2507 656 2589 suppleatur
679 2503 785 2590 σοφὸν
805 2509 935 2594 νομίζω.
974 2506 1078 2589 Quam
1102 2504 1318 2587 tautologiam

160 2617 198 2678 ut
232 2613 374 2695 aliquam
402 2616 529 2696 quidem
558 2621 685 2698 partem
714 2616 851 2697 vitaret,
888 2615 1052 2681 Seidlerus
1082 2632 1111 2681 v.
1141 2617 1214 2678 484.
1245 2630 1319 2693 pro

160 2726 309 2787 θανεῖν
338 2722 542 2788 scribendum
570 2723 736 2806 proposuit
764 2734 944 2788 κτανεῖν.
987 2720 1052 2787 Sed
1080 2720 1182 2787 verba
1211 2711 1248 2795 ὃς
1275 2711 1320 2783 ἂν

160 2829 290 2912 μέλλων
319 2843 490 2896 κτανεῖν
525 2829 635 2896 Oresti
663 2830 816 2896 hocloco
842 2829 996 2896 adbibere
1025 2827 1209 2910 nonlicet,
1241 2825 1321 2906 quia

160 2935 300 3003 nondum
330 2936 407 3020 scit,
443 2957 519 3004 num
549 2940 591 3004 ab
619 2938 792 3021 Iphigenia
819 2938 890 3020 ipsa
922 2941 1101 3017 mactetur,
1134 2953 1209 3002 uam
1231 2934 1319 3001 hanc

161 3062 229 3110 rem
251 3063 281 3112 v.
302 3051 364 3111 617
387 3046 513 3112 demum
536 3065 577 3113 ex
598 3046 768 3113 sacerdote
794 3049 1014 3128 percontatur.
1059 3044 1153 3110 Adde
1172 3041 1319 3125 quodsi

117 3225 120 3232 ,
160 3156 295 3234 recepta
316 3152 455 3219 Seidleri
476 3156 656 3221 mutatione
679 3172 792 3221 versus
813 3158 876 3219 486
900 3157 1088 3220 servaretur
1110 3155 1144 3217 et
1169 3149 1208 3216 G.
1234 3149 1318 3216 Her-

161 3279 278 3327 manno
307 3265 441 3328 auctore
470 3262 701 3329 concinnitatis
728 3280 827 3328 causa
853 3279 911 3342 pro
940 3255 1018 3345 οὐχ
1038 3262 1214 3342 poneretur
1234 3252 1318 3342 ov’d,

159 3369 269 3436 verbis
282 3361 330 3447 ὡς
349 3363 399 3435 δύ’
412 3368 447 3450 ἐξ
464 3365 557 3448 ἑνὸς
574 3409 612 3420 -
628 3365 764 3457 θνήσκει
776 3363 906 3456 ὁμοίως,
927 3387 1026 3435 causa
1038 3367 1175 3434 alterius
1189 3365 1319 3447 quidem

162 3476 325 3545 enuntiati
334 3474 405 3544 οὐδ’
419 3471 509 3556 ὅστις
523 3529 532 3546 .
546 3527 553 3546 .
568 3528 575 3545 .
590 3479 751 3567 σωτηρίας
768 3472 902 3556 ἄνελπις
914 3477 1145 3559 contineretur,
1163 3475 1221 3542 sed
1233 3474 1317 3541 desi-

163 3586 334 3652 deraretur
354 3587 470 3669 prioris
491 3579 529 3665 ὅς
545 3579 590 3652 dv
607 3588 738 3672 μέλλων
760 3599 893 3653 κτανεῖν
913 3625 956 3638 -
971 3586 1062 3668 θέλῃ.
1101 3584 1220 3665 ltaque
1239 3583 1321 3650 mihi

162 3697 309 3780 persuasi
331 3696 583 3778 distinctionem,
607 3715 703 3777 quam
715 3696 881 3762 Seidlerus
901 3695 962 3760 hoc
983 3695 1054 3760 loco
1069 3693 1233 3760 invenisse
1254 3691 1320 3758 sibi

162 3806 252 3875 visus
281 3809 345 3886 est,
375 3823 438 3873 non
461 3806 504 3870 ab
526 3804 683 3886 Euripide
708 3821 780 3869 esse
805 3803 995 3885 profectam.
1042 3800 1150 3883 Quare
1173 3799 1319 3866 codicum

161 3915 335 3982 lectionem
351 3920 478 3996 θανεῖν,
502 3931 585 3994 quae
607 3911 707 3978 etiam
726 3911 812 3994 apud
833 3911 1010 3978 stobaeum
1031 3913 1092 3990 est,
1113 3908 1319 3974 retinendam

161 4042 293 4107 censeo,
316 4022 509 4105 praesertim
536 4040 608 4089 curn
630 4021 763 4088 verbum
785 4016 922 4106 θνήσκει
944 4022 986 4102 (v.
1010 4017 1087 4104 489)
1110 4015 1153 4083 ad
1175 4033 1246 4084 earn
1267 4035 1318 4082 re·

161 4134 286 4218 spicere
306 4131 468 4200 videatur.

265 4238 389 4322 Quibus
405 4238 502 4304 rebus
518 4236 658 4319 cognitis
674 4234 746 4316 qus
758 4239 819 4316 est,
841 4232 917 4315 quin
930 4231 1124 4301 Marklando
1140 4231 1318 4313 adstipule-

162 4356 216 4418 tur
236 4353 336 4430 atque
366 4364 437 4412 cum
460 4345 645 4426 Hartungio
667 4348 815 4425 censeat,
846 4360 973 4410 versum
996 4359 1038 4406 ex
1060 4340 1124 4406 alio
1146 4340 1230 4422 loco,
1254 4358 1318 4420 quo
