2994 4902
633 274 846 336 -43..

150 433 277 500 66666
301 437 466 504 sententia
486 438 599 505 iisdem
622 441 692 507 fere
709 444 817 510 verbis
839 445 883 512 sit
906 448 1107 536 p1·0lata(ut
1131 449 1226 531 Soph.
1239 450 1318 516 Ant.

152 543 256 630 660),
289 543 342 610 hic
370 547 510 632 margini
537 549 735 634 adscriptum
764 572 837 622 esse
862 556 1124 640 adscriptumque
1150 557 1318 640 irrepsisse

151 653 193 718 in
214 653 370 721 textum?

269 763 421 832 Ceterum
445 765 633 834 Marklandi
660 769 799 853 suspicio
825 771 963 839 Himelii
996 773 1223 842 observatione
1245 791 1319 840 con·

155 873 324 942 firmatur.
371 873 543 942 Orationes
572 877 674 960 enirn,
710 897 793 960 quae
822 881 855 946 in
884 882 1032 948 versibus
1064 886 1247 948 472-461
1286 887 1321 948 61

155 985 337 1050 sen-491
359 982 480 1066 insunt,
496 1024 538 1037 -
559 984 718 1054 trimetris
736 989 801 1056 tro
822 993 857 1055 et
875 993 938 1056 486
961 990 1094 1056 remotis
1108 1029 1160 1073 -,
1178 1007 1321 1056 novenos

156 1109 282 1160 versus
302 1093 570 1174 complectuntur.

593 1293 899 1304 ———-.-....——

271 1448 470 1535 Diverbium,
494 1452 578 1533 quod
601 1453 688 1519 inest
708 1453 743 1520 in
762 1471 827 1521 vss.
849 1456 1021 1522 492-660
1042 1454 1207 1522 Usenerus
1228 1454 1322 1540 (1166.

160 1557 274 1624 Rhen.
285 1561 377 1624 1868.
391 1577 421 1641 p.
437 1564 498 1627 166
510 1562 595 1648 sqq.)
614 1561 867 1629 existimatolim
884 1563 1071 1630 constitisse
1087 1581 1128 1630 ex
1138 1563 1323 1629 senionibus

161 1683 321 1732 versuum
342 1667 550 1734 alternorum.
595 1668 700 1752 Quam
722 1688 789 1736 rem
815 1671 864 1737 ita
884 1671 1097 1755 demonstrat,
1119 1676 1158 1738 ut
1178 1672 1324 1738 senarios

161 1779 230 1840 492
243 1791 292 1854 sq.
314 1773 467 1842 inunum
489 1778 648 1859 contrahi,
669 1778 836 1844 trimetros
852 1784 914 1846 629
927 1797 974 1860 66.
998 1798 1016 1844 6
1038 1783 1134 1845 textu
1154 1779 1323 1861 removeri,

162 1881 293 1948 iambos
305 1889 367 1949 627
379 1901 426 1964 sq.
442 1889 516 1964 post
531 1903 577 1954 vs.
588 1892 651 1951 620
662 1887 815 1953 collocari
826 1887 947 1954 iubeat.
974 1888 1188 1972 Argumenta,
1211 1885 1326 1967 quibus

164 1993 254 2060 nanc
276 1991 458 2072 opinionem
486 1998 613 2077 tuetur,
645 1995 750 2079 magis
777 1996 820 2061 ad
849 1997 1103 2062 concinnitatem
1122 2013 1325 2062 numerorum

163 2119 322 2169 versuum
349 2102 539 2170 firmandam
573 2104 723 2184 quaesita
750 2105 920 2188 videntur,
954 2124 1049 2186 quam
1077 2105 1112 2170 in
1139 2105 1219 2187 ipsis
1245 2104 1326 2170 locis

161 2211 287 2278 inesse.
330 2210 409 2277 Ideo
432 2211 466 2277 in
488 2231 529 2279 ea
548 2212 774 2294 inquirendum
797 2217 857 2279 est.

273 2319 324 2384 Ac
343 2318 481 2400 primum
502 2320 630 2400 quidem
651 2325 891 2403 perscrutemur
912 2339 977 2389 vss.
999 2323 1063 2387 492
1074 2339 1142 2403 sqq.

273 2451 347 2516 492.
370 2441 511 2534 πότερος
529 2445 580 2536 ἄρ’
601 2442 699 2536 ὑμῶν
718 2445 833 2516 ἐνθάδ’
854 2445 1088 2536 ον’νομαομένος
1152 2450 1157 2458 ’

274 2559 348 2623 493.
370 2551 523 2644 Πυλάδης
542 2559 712 2645 alcimum
733 2554 810 2624 τάδε
830 2565 948 2645 μαθεῖν
970 2559 1108 2642 πρῶτον
1128 2558 1230 2624 θέλω.

165 2687 337 2754 Usenerus
358 2688 487 2770 assequi
504 2689 627 2772 nequit,
644 2688 721 2770 qnid
738 2688 799 2754 sibi
813 2689 896 2756 velit
916 2684 1329 2774 οἰνομαομένοςκέκληται;

165 2812 285 2865 vocem
292 2789 412 2861 ἐνθάδε
420 2796 654 2874 esseadditam,
673 2801 711 2862 ut
719 2795 850 2863 hiantes
858 2797 982 2864 numeri
992 2796 1219 2878 explerentur3
1241 2793 1329 2860 deni·

168 2921 236 2986 que
245 2894 322 2968 τόδε
336 2908 457 2988 μαθεῖν
476 2907 614 2988 πρῶτον
628 2905 721 2970 θέλω
735 2923 806 2972 6666
817 2905 973 2987 ineptum,
988 2903 1064 2985 quia
1075 2901 1248 2986 Iphigenia
1269 2919 1329 2983 „ne

168 3012 274 3080 verbo
296 3011 423 3091 quidem
445 3030 540 3094 quam
563 3018 707 3095 cuperet,
730 3015 772 3080 ab
794 3013 846 3080 his
867 3012 1037 3083 iuvenibus
1056 3012 1132 3100 (1.6.
1158 3012 1200 3077 ab
1213 3011 1330 3076 Oreste

173 3123 211 3186 et
234 3117 373 3207 Pylade)
396 3119 555 3186 derebus
580 3121 767 3188 domesticis
794 3121 912 3204 doceri,
939 3124 1040 3189 antea
1063 3118 1329 3204 significaverit‚“

172 3232 276 3307 atque
305 3233 464 3310 sumptam
496 3246 567 3294 esse
594 3229 679 3294 hanc
705 3229 902 3296 sententiam
933 3247 951 3294 6
977 3246 1074 3296 versu
1098 3230 1171 3293 494.
1215 3226 1333 3306 116666

171 3335 325 3420 proponit
346 3336 406 3402 has
428 3337 626 3403 mutationes

328 3460 482 3553 Πυλάδης
503 3460 554 3552 ἄρ’
575 3465 669 3552 ὑμῶν
689 3459 830 3555 πότερος
851 3459 895 3545 δς
917 3459 1204 3552 accipenseres,
1246 3441 1250 3449 ’

261 3575 315 3641 vel
337 3568 489 3662 Πυλάδης
510 3569 561 3660 ἄρ’
584 3568 679 3660 ὑμῶν
697 3568 839 3659 πότερος
859 3563 899 3661 ἦν
920 3574 1130 3660 κεκλημὲνθς;

174 3709 215 3774 61
230 3705 393 3789 participii
407 3707 603 3793 κεκλημένος
616 3707 780 3790 glossema
799 3701 1031 3792 ὠνομασμένος
1046 3703 1209 3772 codicibus
1222 3721 1332 3773 serva·

174 3819 247 3880 tum
267 3813 312 3880 sit
331 3819 367 3880 et
383 3803 424 3901 ἦν
439 3815 607 3882 adversus
627 3820 699 3888 249.
713 3821 785 3882 286.
806 3821 879 3884 321.
901 3814 1076 3897 pertineat,
1092 3811 1148 3880 ubi
1159 3811 1332 3896 Iphigenia

175 3921 313 4006 Pyladis
333 3941 449 3990 nomen
471 3923 644 3991 audiverit.

281 4030 320 4096 In
353 4031 460 4114 priore
496 4032 624 4099 illorum
656 4050 808 4100 versuum
841 4047 953 4098 ausam
985 4027 1171 4097 offensionis
1195 4029 1332 4112 praebet

175 4138 312 4205 verbnm
333 4134 548 4227 κικλήσκεται,
571 4141 654 4222 qnod
673 4141 736 4207 nisi
755 4139 790 4206 in
813 4139 902 4206 chori
917 4138 1055 4206 canticis
1066 4155 1130 4204 non
1141 4137 1332 4220 reperiatur.

175 4247 433 4330 1166666666.
466 4255 537 4316 712.
567 4249 657 4315 Pers.
689 4256 762 4316 666.
792 4250 870 4316 Eur.
900 4247 952 4314 El.
985 4253 1055 4314 118.
1101 4244 1197 4312 Alter
1225 4249 1334 4328 potest

176 4355 306 4439 quidem
336 4355 427 4442 loni,
458 4360 516 4424 sed
543 4375 601 4425 cur
627 4358 815 4442 recipiatur,
845 4375 976 4441 prorsus
997 4356 1087 4424 nulla
1116 4354 1204 4421 iusta
1232 4371 1332 4420 66666
