2994 4902
654 221 868 280 -71..

189 391 301 452 statua
313 387 502 468 miserenda,
526 389 641 467 inqua
664 393 736 452 tota
759 393 794 453 et
814 405 873 452 sna
893 387 993 469 ipsius
1009 391 1044 452 et
1059 387 1171 452 domus
1186 392 1344 468 paternae

187 494 276 559 seius
297 493 362 559 sita
385 495 438 575 sit,
460 495 604 560 adiuvet.
650 495 711 560 His
733 495 882 577 precibus
905 495 959 560 illa
984 495 1032 560 sic
1053 493 1244 575 respondet:

239 619 270 666 v.
292 609 364 666 989.
389 597 428 666 τὸ
449 603 508 686 μὲν
526 596 714 687 πρόθυμον,
737 604 816 685 πρίν
839 621 872 667 σι
896 597 984 686 dedp'
1005 601 1125 683 ἐλθεῖν,
1148 599 1212 686 ἔχω

289 716 362 774 990.
379 705 486 794 ’Ἀργει
505 711 658 795 γενέσθαι
680 711 733 774 καὶ
757 711 800 787 σι’,
824 704 961 796 σύγγον’,
983 710 1124 775 εἰσιδεῖν.

389 818 480 882 θέλοι
504 813 532 882 δ’
549 811 632 902 ὅπερ
656 811 711 898 σύ,
736 819 772 883 σι’
792 843 826 884 τε
848 821 1043 904 μεταστῆσαι
1064 811 1181 884 πόνων

388 928 552 992 νοσοῦντα
573 921 602 991 d’
622 922 724 1008 οἶκον,
748 920 819 1010 ου’χὶ
836 929 886 1011 τῷ
908 919 1066 992 κτανόντι
1087 951 1125 1011 με

387 1035 588 1119 θυμουμένη,
611 1037 771 1120 πατρῷον
794 1027 947 1117 ὀρθῶσαι
969 1035 1070 1100 θέλοι.

387 1144 510 1228 σφαγῆς
531 1165 566 1207 τε
587 1139 648 1226 γὰρ
671 1145 727 1228 σῆς
748 1136 825 1226 χεῖρ’
845 1134 1091 1226 ἀπαλλάξαιμεν
1113 1136 1154 1206 ἄν
1283 1218 1293 1229 ⁶

289 1252 361 1313 995.
386 1242 526 1334 σώσαιμι
544 1245 573 1314 τ’
593 1249 706 1328 οἴκους
728 1301 734 1314 .
756 1299 764 1314 .
787 1299 794 1314 .

285 1355 409 1436 Quibus
438 1375 479 1422 ex
508 1357 655 1425 versibus
678 1376 743 1424 rss
767 1362 831 1424 990
853 1361 887 1422 et
910 1359 1097 1422 999-994
1127 1360 1194 1421 tam
1221 1373 1341 1438 graves

180 1461 403 1528 dubitationes
422 1465 587 1530 nonnullis
614 1465 737 1531 critIcis
759 1465 957 1546 iniecerunt,
988 1467 1025 1529 ut
1053 1467 1217 1543 tamquam
1240 1463 1340 1528 inter-

178 1568 336 1649 polatoris
350 1569 577 1638 additamenta
596 1572 885 1655 proscriberentur.
914 1570 1007 1652 Quod
1023 1588 1098 1634 num
1114 1575 1205 1634 recte
1215 1570 1339 1636 factum

131 1675 139 1692 ⁸
178 1675 233 1758 sit,
257 1676 481 1756 inquirendum
504 1679 644 1745 videtur.

281 1786 331 1850 Ac
353 1786 489 1867 primum
511 1787 640 1866 quidem
662 1806 791 1853 versum
808 1793 870 1852 990
888 1788 1003 1852 abesse
1025 1787 1152 1854 mavult
1161 1786 1338 1869 Nauckius,

179 1891 270 1958 onius
310 1895 508 1961 sententiam
539 1895 656 1961 Oerius
680 1895 981 1981 (Verbandlungen
1010 1895 1069 1960 der
1097 1894 1214 1960 Philol.
1244 1894 1338 1959 Vers.

180 2005 271 2066 1876.
294 2021 324 2083 p.
349 2007 430 2084 169)
454 2005 643 2084 comprobat
669 2009 704 2069 et
729 2003 871 2068 Kvicala
897 2001 1018 2088 (Beitr.
1041 2021 1069 2084 p.
1093 2007 1155 2068 959
1169 2007 1255 2084 sqq.)
1284 2003 1338 2068 de-

177 2109 313 2176 fendere
333 2111 446 2176 studet
468 2111 519 2176 his
537 2113 578 2177 de
601 2111 723 2177 causis:

280 2217 331 2303 (1)
376 2218 517 2284 Primum
545 2219 666 2285 offendi
693 2224 843 2301 oportere
865 2217 898 2282 in
921 2216 1031 2283 verbis
1058 2216 1146 2298 ipsis.
1191 2217 1338 2298 Namque

178 2324 399 2406 Iphigeniam,
433 2344 506 2390 cum
536 2327 672 2392 fratrem
706 2327 846 2407 habeat,
880 2325 990 2391 dicere
1012 2342 1076 2390 non
1097 2342 1191 2405 posse
1217 2321 1257 2390 τὸ
1279 2326 1338 2410 μὲν

175 2423 355 2515 πρόθυμον
367 2485 453 2501 .....
466 2434 510 2514 σε’,
533 2428 672 2520 σύγγον’,
695 2434 834 2500 εἰσιδεῖν.
868 2432 1049 2499 Hermanni
1063 2433 1338 2498 constructionem

176 2543 303 2604 alutem:
340 2534 380 2604 τὸ
401 2541 460 2625 μὲν
482 2535 661 2626 πρόθυμον
674 2537 780 2626 Ἄργει
798 2541 952 2626 γενέσθαι
973 2539 1054 2625 ἔχω,
1085 2541 1163 2624 πρίν
1194 2559 1228 2607 σε
1251 2538 1339 2624 δεῦρ’

176 2645 287 2711 ἐλθεῖν
312 2649 367 2710 καί
391 2642 419 2712 c'
440 2650 569 2714 εἰσιδεῖν
591 2652 694 2715 —ut
722 2649 882 2714 neminem
906 2649 994 2732 fugit
1016 2653 1211 2731 -propter
1240 2650 1337 2715 coilo-

175 2754 338 2821 cationem
364 2758 533 2823 verborum
565 2775 637 2822 esse
661 2757 921 2840 improbandam
954 2758 1088 2840 perinde
1119 2775 1183 2822 non
1204 2758 1336 2841 dignam

175 2881 265 2936 esse,
293 2882 377 2944 quae
399 2865 613 2947 approbetur,
637 2865 942 2947 interpretationem
965 2865 1159 2949 Hartnngii:
1194 2868 1335 2951 „langst

176 2971 260 3036 noch
282 2971 343 3036 che
366 2971 409 3036 du
439 2973 569 3038 hierher
591 2977 717 3054 hamat,
748 2975 919 3039 ivdnschte
939 2973 991 3039 ich
1014 2992 1054 3039 zu
1077 2976 1185 3057 Argos
1203 2995 1244 3041 zu
1266 2975 1335 3041 sein

175 3079 242 3144 und
273 3079 348 3144 dich
371 3079 500 3165 (dort)
523 3099 563 3146 zu
594 3082 711 3162 seben,
735 3082 764 3148 d.
785 3083 814 3147 h.
848 3101 888 3147 zu
917 3081 1093 3148 besitzen.“
1140 3083 1244 3149 Recte
1267 3083 1336 3164 qui·

174 3188 248 3252 dem
278 3187 312 3251 in
340 3187 389 3252 his
416 3187 525 3253 verbis
550 3205 609 3270 ,zu
628 3188 795 3254 besitzen“
819 3189 953 3255 ostensio
985 3190 1168 3271 inreritum
1192 3192 1250 3258 sed
1280 3211 1337 3258 cur

174 3293 377 3374 vocabulum,
401 3294 497 3373 quale
519 3298 571 3360 est
591 3295 665 3360 dort
688 3297 740 3362 vel
761 3295 845 3378 hier,
873 3297 1086 3377 supplendum
1108 3316 1172 3363 non
1195 3299 1248 3380 sit,
1271 3317 1335 3366 non

174 3400 389 3483 intellegitur.
446 3400 586 3466 Ubinam
621 3403 685 3468 nisi
715 3403 814 3487 Argis
846 3405 981 3470 fratrem
1015 3423 1051 3470 se
1083 3405 1225 3472 visuram
1264 3427 1336 3474 esse

173 3510 346 3594 Iphigenia
366 3529 500 3594 sperare
522 3513 675 3594 poterat?

277 3621 326 3704 (2)
370 3619 498 3686 Deinde
528 3639 641 3687 versus
670 3629 732 3688 989
753 3642 800 3703 sq.
831 3623 992 3704 quadrare
1019 3643 1080 3690 nec
1107 3625 1150 3691 ad
1182 3645 1222 3692 ee
1252 3645 1335 3707 quae

173 3727 375 3822 antecedunt
398 3747 457 3794 nec
479 3729 522 3794 ad
544 3749 584 3795 ea
606 3749 690 3811 quae
714 3736 904 3812 sequuntur.
948 3731 1072 3798 Nexum
1096 3733 1180 3800 enim
1204 3739 1333 3800 senten-

172 3835 293 3900 tiarum
322 3854 394 3901 esse
421 3837 513 3904 hunc.
557 3838 762 3922 Iphigeniam
791 3839 901 3906 Oresti
925 3842 1129 3908 adsalutem
1156 3844 1334 3924 parandam

174 3943 387 4010 vehementer
409 3946 595 4012 cohortanti
627 3948 823 4029 respondere
856 3949 991 4032 debere,
1027 3969 1062 4016 se
1094 3951 1335 4032 paratissimam

173 4049 301 4131 quidem
325 4054 367 4119 ad
390 4055 631 4138 opitulandum,
662 4057 719 4122 sed
742 4057 836 4122 deam
859 4061 894 4124 et
919 4075 1029 4142 regem
1052 4077 1124 4126 esse
1147 4061 1333 4129 timendum.

173 4159 268 4225 Hanc
290 4163 330 4228 ob
353 4179 484 4228 causam
507 4165 608 4230 sorori
631 4165 694 4231 iem
721 4169 800 4232 anto
821 4183 852 4232 v.
875 4171 937 4234 995
959 4165 1060 4234 fuisse
1083 4170 1270 4253 dicendum,
1298 4191 1333 4240 se

172 4265 310 4336 tratrem
333 4269 364 4336 in
387 4271 469 4340 deae
488 4271 660 4340 simulacro
677 4273 879 4358 surripiendo
901 4275 1087 4346 iuvaturam
1110 4297 1191 4346 esse.
1238 4281 1330 4366 Quod
