2994 4902
730 303 757 356 ΙΙ

269 470 509 538 Heimsoetbius
520 471 617 555 (Krit.
632 472 783 560 Studien)
799 472 903 538 multa
921 474 1088 555 sagaciter
1110 473 1167 539 illa
1183 474 1321 556 quidem,

166 582 335 645 attamen
358 578 391 644 ni
413 577 511 644 fallor
536 598 634 662 saepe
656 580 739 646 talia
759 579 793 644 in
809 579 948 644 medium
963 580 1108 664 protulit,
1133 598 1216 660 quae
1235 599 1321 660 ‚oom-

166 687 297 769 probari
318 692 496 766 nequeant.
537 687 626 753 Bene
647 689 686 753 da
698 685 855 768 Euripide
876 687 1091 753 existimando
1115 688 1249 754 meritus
1271 693 1323 752 est

167 794 390 863 Weckleinins
417 795 567 882 (Studien
603 815 642 862 zu
679 796 854 878 Euripides
884 797 958 861 VII.
996 796 1228 878 Suppl-Band
1265 797 1323 862 der

166 905 279 970 Jahrb.
302 904 324 968 f.
346 905 439 970 class.
465 904 548 970 Phil.
574 909 656 970 1874
678 925 708 986 p.
726 907 926 991 ’807-448).
971 905 1097 970 Deinde
1120 907 1161 970 de
1183 906 1322 986 complu·
1361 949 1362 953 =
1476 896 1477 927 l

167 1013 255 1077 ribus
278 1011 520 1092 quaestionibus
541 1012 582 1078 ad
611 1012 794 1078 fabularum
817 1011 1066 1094 Euripidearum
1095 1012 1193 1078 crisin
1222 1012 1322 1094 perti-

167 1121 319 1208 nentibus
342 1120 507 1202 sagaciter
529 1119 682 1186 disseruit
707 1119 1204 1187 Wilamovitz-Moellendorfius
1221 1122 1323 1206 (Ana-

166 1230 254 1294 lecta
277 1227 454 1310 Euripidea
477 1228 563 1294 Berl.
581 1232 684 1311 1815).
729 1228 893 1294 Nonnulla
913 1229 1073 1295 tractavit
1094 1227 1136 1294 H.
1148 1228 1325 1294 Muellerus

166 1337 265 1425 (Krit.
289 1336 540 1418 Bemerkungen
562 1355 601 1402 zu
623 1335 811 1421 Euripides,
843 1355 950 1419 progr.
973 1355 1081 1420 gymu.
1104 1337 1194 1420 Burg
1218 1339 1324 1418 1876).

270 1445 380 1523 Atque
402 1448 439 1508 ut
463 1444 513 1509 bis
535 1444 685 1526 operibus
708 1445 825 1510 addam
847 1444 1002 1526 libellum,
1025 1444 1079 1524 qui
1101 1448 1230 1510 tantum
1252 1463 1324 1525 par·-

166 1552 226 1618 tim
247 1552 290 1616 ad
311 1552 395 1618 banc
419 1552 641 1632 quaestionem
662 1552 816 1635 pertinet,
839 1551 1090 1634 Heimsoethius
1114 1552 1169 1632 qui
1190 1553 1230 1618 de
1252 1571 1324 1619 ver·

168 1660 312 1726 suumin
335 1660 513 1742 tragoediis
526 1661 723 1726 Graecorum
747 1664 913 1727 structura
931 1661 984 1746 (de
1007 1661 1324 1743 interpolationibus)

168 1769 248 1853 agit,
264 1767 395 1834 criticos
412 1770 586 1834 monendos
602 1788 673 1835 esse
691 1773 812 1851 censet,
836 1773 874 1834 ut
889 1769 922 1833 in
937 1768 1128 1834 damnandis
1141 1769 1324 1852 sententiis

167 1895 250 1957 quae
273 1877 332 1942 sub
354 1876 451 1942 finem
472 1877 650 1960 longiorum
675 1877 872 1958 orationum,
895 1863 1039 1960 actuum,
1063 1877 1097 1942 in
1118 1877 1232 1943 mediis
1254 1897 1325 1943 ora-

167 1985 309 2052 tionibus
338 1989 504 2064 tamquam
535 1986 657 2051 lumina
687 1987 866 2051 collocatae
896 1985 979 2068 sint,
1008 2004 1079 2050 cum
1107 1986 1149 2051 ab
1179 1986 1326 2052 omnibus

167 2093 334 2161 veteribus
362 2092 531 2175 permagni
561 2094 627 2159 sint
657 2093 871 2176 aestimatae,
903 2097 1076 2174 utcumque
1105 2093 1176 2158 fieri
1212 2095 1324 2177 possit,

168 2203 333 2268 moderate
353 2206 536 2267 versentur.

133 2314 135 2322 ’
270 2309 309 2375 11
331 2309 489 2391 repetitos
511 2327 626 2376 versus
652 2314 784 2391 praeter
807 2308 1045 2375 Eirnhaberum
1068 2309 1123 2395 (cf.
1147 2313 1256 2392 supra)
1277 2309 1325 2374 in·

168 2418 370 2498 quisiveruut
392 2417 564 2499 Treplinus
588 2418 641 2503 (de
663 2417 814 2500 repetitis
843 2417 929 2498 apud
951 2417 1140 2498 Euripidem
1168 2416 1326 2484 versibus.
1466 2472 1469 2490 .

169 2527 370 2593 Schrimmae
389 2528 485 2612 1866)
509 2529 543 2590 et
564 2525 696 2592 meliore
718 2545 788 2591 cum
813 2543 963 2592 successu
985 2524 1181 2590 Wasenerus
1203 2525 1255 2608 (de
1276 2544 1326 2590 re·

167 2635 326 2718 petitione
348 2653 499 2701 versuum
521 2633 554 2699 in
577 2634 712 2700 Fabulis
733 2633 910 2715 Euripidis.
954 2633 1088 2699 Bonnae
1113 2636 1218 2715 1866).
1461 2615 1463 2628 ”

116 2738 120 2742 ’
272 2743 448 2823 Postquam
476 2741 515 2808 G.
546 2741 753 2808 Hermannus
782 2742 894 2828 (elem.
924 2742 1025 2808 doctr.
1050 2744 1144 2806 metr.
1173 2739 1234 2805 III.
1264 2743 1326 2826 20)

169 2851 294 2935 docuit,
324 2849 593 2931 aequabilitatem
624 2851 786 2930 quandam
815 2869 1017 2916 numerorum
1039 2867 1190 2916 versuum
1218 2847 1325 2913 inesse

169 2978 233 3025 non
255 2960 357 3026 solum
379 2959 413 3025 in
436 2959 524 3024 chori
546 2959 742 3024 carminibus
764 2958 1007 3042 tragoediarum
1031 2957 1245 3039 Graecarum,
1267 2957 1326 3022 sed

169 3067 269 3134 etiam
290 3068 324 3134 in
345 3065 516 3149 diverbiis,
547 3067 642 3133 multi
670 3067 733 3135 viri
763 3067 852 3133 docti
881 3068 944 3136 hac
976 3085 1011 3132 re
1042 3065 1227 3132 accuratius
1254 3083 1325 3146 per·

169 3180 283 3258 specta
305 3176 627 3258 demonstraverunt,
656 3176 716 3241 hoc
740 3180 908 3257 poetarum
926 3175 1066 3240 studium
1089 3179 1204 3257 patere
1224 3174 1326 3239 multo

169 3285 269 3352 latius
298 3302 393 3364 quam
424 3281 463 3348 G.
490 3281 698 3350 Hermannus
728 3284 921 3350 coniecerat.
967 3284 1018 3348 Ac
1047 3282 1169 3364 primus
1198 3280 1326 3362 quidem

170 3393 264 3459 huius
296 3391 439 3474 vestigia
467 3395 598 3457 secutus
621 3389 803 3458 Heilandus
825 3391 1015 3476 (Metrische
1037 3390 1325 3473 Beobachtuugen,

66 3517 69 3524 ’
169 3521 259 3585 prog.
289 3518 398 3584 gymn.
422 3498 569 3564 Steudal.
599 3505 700 3583 1855)
734 3501 838 3565 multa
875 3518 915 3564 ex
949 3499 1053 3563 tribus
1085 3496 1151 3563 illis
1190 3497 1327 3579 tragicis

170 3608 319 3689 exempla
344 3593 508 3672 afferendo
537 3624 604 3672 rem
632 3625 696 3673 uon
722 3607 858 3672 multum
889 3605 1015 3672 adiuvit
1047 3603 1239 3684 minimeque
1272 3621 1326 3669 ex-

170 3715 289 3782 hausit.
332 3714 379 3780 Ut
405 3718 515 3780 autern
548 3732 602 3780 eos
629 3713 794 3796 omittam,
826 3713 881 3795 qui
911 3713 1140 3794 ostenderunt,
1171 3711 1326 3790 quomodo

171 3824 354 3907 Aeschylus
371 3827 405 3888 et
423 3822 598 3904 Sophocles
620 3823 704 3888 hanc
724 3823 928 3902 aequabilem
952 3819 1215 3886 distributionem
1236 3838 1326 3885 usur-

170 3937 314 4018 passent,
334 3932 367 3996 in
387 3930 572 3997 universum
587 3932 689 3997 multo
710 3931 819 4012 aptius
842 3949 937 4011 quam
949 3928 1130 3996 Heilandus
1152 3929 1237 3994 hanc
1258 3947 1327 3994 rem

169 4039 331 4110 tractavit
352 4039 492 4106 Kvicala
515 4039 635 4122 (Ztsclr.
660 4037 683 4106 f.
708 4039 737 4105 d.
764 4043 898 4106 cesten.
921 4038 1076 4136 Gymnas.
1094 4043 1175 4103 1858
1190 4056 1221 4118 p.
1241 4041 1326 4119 666).

170 4150 276 4242 Huius
313 4151 507 4230 argumenta
548 4147 747 4214 examinavit
787 4149 887 4227 atquc
929 4145 1022 4213 auxit
1055 4145 1233 4211 Behrnsius
1268 4144 1327 4229 (de

170 4256 403 4340 stichomytlria
422 4255 609 4338 Euripidea.
634 4256 793 4324 Wetzlar.
819 4262 925 4341 1864).
970 4255 1078 4322 Minus
1099 4254 1177 4320 mibi
1199 4252 1325 4334 quidem

171 4370 327 4454 probatur
346 4365 551 4448 dissertatio,
580 4385 676 4445 quarn
705 4366 814 4432 libello
844 4366 1038 4434 scholastico
1060 4360 1328 4431 luovraelavensi
