2994 4902
263 1197 435 1280 Iphigenia
456 1197 616 1262 dormiens
642 1199 854 1265 animo-uidit
876 1201 1002 1264 domum
1024 1206 1195 1282 paternam
1218 1201 1318 1283 Argis

161 1304 384 1370 concidentem
407 1323 511 1384 neque
533 1303 705 1386 quidquam
730 1307 878 1380 relictum
906 1307 969 1372 nisi
996 1327 1092 1372 unam
1120 1309 1316 1390 columnam3

162 1412 201 1477 de
226 1413 303 1494 hac,
338 1432 409 1478 cum
445 1415 630 1494 promiserit
662 1414 799 1496 capillos
824 1420 924 1495 atque
952 1416 1124 1484 humanam
1152 1417 1319 1497 acceperit

162 1539 290 1601 vocem,
322 1526 478 1601 tanquam
511 1522 551 1587 de
578 1523 706 1588 homine
735 1527 871 1588 mortem
897 1522 1024 1589 obituro
1051 1542 1086 1588 se
1115 1525 1316 1590 sacerdotem

162 1647 233 1694 cum
252 1627 395 1693 lacrimis
410 1648 503 1694 sacra
521 1648 592 1695 esse
614 1630 827 1710 auspicatam.
860 1629 952 1713 Quod
975 1631 1130 1698 somnium
1150 1632 1198 1697 ita
1217 1632 1317 1698 inter-

160 1740 344 1817 pretatur:

214 1863 244 1910 v.
267 1851 316 1909 56.
326 1847 344 1928 1)
366 1841 498 1930 τέθνηκ’
520 1839 680 1930 Ὀρέστης,
705 1834 743 1910 οὗ
765 1837 973 1931 κατηρξάμην
997 1841 1069 1931 ἐγώ.

317 2008 320 2013 .
367 1953 479 2016 στῦλοι
500 1949 561 2039 γὰρ
584 1951 686 2018 οἴκων
706 1953 765 2018 εἰσὶ
786 1953 899 2030 παῖδες
920 1948 1062 2036 ἄρσενες·

323 2065 325 2068 ’
363 2055 544 2144 θνήσκουσι
566 2053 653 2138 δὀὕς
676 2053 719 2126 ἂν
740 2063 885 2147 χέρνιβες
906 2054 1026 2141 βάλωσ’
1049 2060 1128 2146 ἐμαί.

291 2172 341 2230 59.
365 2161 437 2232 ov’d'
459 2156 499 2232 αὖ
525 2163 670 2250 συνάψαι
690 2163 814 2253 τοῦναρ
838 2169 882 2246 εἰς
905 2170 1020 2250 φίλους
1041 2166 1112 2252 ἔχω.

290 2279 340 2339 60.
365 2276 524 2360 Στροφίῳ
547 2273 608 2360 γὰρ
631 2270 694 2340 ov’x
715 2265 755 2362 ἦν
774 2288 860 2357 παῖς,
884 2268 933 2341 ὅτ’
954 2270 1110 2362 ω’λλύμην
1132 2267 1204 2360 ἐγώ.

268 2381 321 2446 Ex
351 2383 400 2448 his
431 2383 589 2448 trimetris
619 2389 669 2449 59.
693 2392 727 2448 et
750 2390 800 2450 60.
830 2385 955 2466 spurios
983 2388 1117 2450 damnat
1143 2380 1319 2462 Nauckius,

164 2489 216 2554 cui
245 2491 471 2556 assentiuntur
499 2491 538 2556 G.
560 2491 748 2558 Dindorfius
779 2492 968 2574 Koechlyus
990 2492 1128 2557 Weilius
1151 2490 1322 2572 Zieglerus

163 2598 396 2684 Bernhardyus
427 2599 587 2684 (Grundr.
611 2600 641 2664 d.
668 2599 814 2691 GnLit
837 2599 954 2665 Gesch.
977 2600 1021 2665 Π.
1046 2619 1130 2682 pars.
1154 2599 1216 2663 ΙΙΙ.
1241 2597 1319 2662 edit.

165 2711 248 2771 1872
271 2726 301 2788 p.
324 2710 404 2790 476)
436 2725 554 2788 eosque
578 2727 618 2772 ex
636 2726 698 2774 vss.
721 2711 794 2774 914.
818 2727 886 2788 sqq.
916 2707 1082 2774 confectos
1110 2725 1181 2772 esse
1209 2710 1322 2786 censet

164 2815 360 2897 Koechlyus.
388 2816 517 2896 Reliqui
539 2817 681 2882 editores
701 2818 804 2882 locum
826 2820 969 2897 servant,
987 2815 1230 2895 defenduntque
1249 2832 1322 2880 eum

164 2923 388 2990 Weckleinius
408 2925 573 2990 Seidlcrus
593 2924 745 2990 Klotzius
767 2924 818 2990 his
840 2921 1042 3007 argumentis
1062 2922 1127 2988 usi:

267 3031 408 3097 Primum
430 3033 556 3098 ruinam
577 3033 689 3099 domus
708 3031 953 3114 illiusArgivae
977 3032 1019 3097 ad
1037 3029 1223 3112 Strophium
1238 3028 1321 3093 Pho·

165 3159 334 3206 caeensem
355 3141 483 3220 quidem
514 3160 577 3206 non
608 3141 775 3223 spectare3
805 3141 862 3204 sed
892 3159 963 3205 cum
985 3136 1216 3219 consanguinei
1239 3135 1322 3200 eius·

165 3250 236 3315 dem
260 3252 326 3318 sint
348 3251 478 3334 generis
501 3250 634 3336 (οἴκου),
664 3250 762 3314 facile
783 3249 938 3330 perspici,
969 3266 1026 3313 cur
1049 3245 1240 3328 Iphigeniae
1263 3243 1322 3308 ali-

165 3378 255 3426 orum
282 3359 530 3442 propinquorum
560 3359 694 3442 (φίλων)
727 3358 759 3423 in
789 3363 929 3422 mentem
959 3355 1072 3423 veniat
1100 3351 1322 3440 (Wecklein).

166 3469 231 3534 Cur
252 3472 362 3533 autem
374 3466 518 3547 Strophii
539 3466 599 3532 filii
616 3465 841 3548 potissimum?
863 3467 935 3532 ideo
959 3465 1043 3546 quod
1063 3481 1145 3546 „nec
1153 3461 1324 3527 Menelaus

166 3578 309 3644 habehat
331 3580 410 3641 tunc
436 3575 538 3641 filium
560 3593 636 3658 nec,
668 3574 697 3640 si
718 3573 901 3656 habuisset,
928 3574 970 3640 ab
992 3572 1050 3638 illa
1074 3571 1208 3636 curatus
1235 3573 1324 3634 esset

167 3686 336 3769 (Seidler.).
372 3683 463 3767 Quae
483 3683 668 3750 sententiae
681 3702 756 3748 num
778 3687 889 3749 rectae
904 3681 979 3764 sint,
993 3679 1104 3763 paucis
1120 3695 1322 3760 quaeramus

151 3796 275 3880 ,Atque
296 3795 377 3859 illud
399 3792 528 3872 quidem
549 3810 641 3858 nemo
663 3791 813 3874 negabit,
838 3792 980 3871 domum,
1005 3807 1088 3870 quae
1107 3789 1213 3854 animo
1235 3785 1323 3868 Iphi-

165 3903 282 3987 geniae
305 3901 506 3983 obversatur,
529 3919 600 3966 esse
620 3899 882 3983 Agamemnonis
926 3898 1007 3964 Inde
1029 3897 1237 3962 manifestum
1261 3900 1322 3976 est,

167 4011 356 4094 Euripidem
365 4010 491 4075 ruinam
505 4010 616 4076 domus
632 4008 719 4074 illius
735 4008 777 4074 ad
792 4008 961 4073 interitum
971 4004 1224 4090 Agamemnonis
1241 4003 1323 4069 eius·
1379 4074 1383 4082 ,

168 4140 229 4203 que
261 4119 407 4186 santiliae
439 4119 591 4185 retulisse
630 4117 688 4202 (cf.
711 4137 742 4184 v.
767 4122 840 4183 557.
873 4104 901 4180 oi
936 4115 1171 4199 συνταραχθεὶς
1204 4108 1322 4194 οἶκος).

169 4230 268 4296 Cuius
297 4247 368 4294 cnm
397 4227 540 4312 Pylades
567 4246 631 4292 non
661 4225 721 4308 sit,
756 4242 886 4307 prorsus
918 4223 1009 4289 nulla
1036 4241 1134 4290 causa
1166 4226 1233 4302 est,
1267 4239 1324 4286 cur

167 4343 473 4355 ...—---.-—--—

274 4399 292 4470 ¹)
311 4399 379 4454 Utor
396 4398 511 4452 numeris
530 4397 653 4452 editionis
672 4393 851 4450 Nauchianae.
