2994 4902
580 385 837 444 220-

169 566 239 614 rum
263 567 334 614 esse
356 553 463 631 putat,
485 547 518 612 in
541 549 655 628 quibus
678 549 823 614 homines
837 549 1026 614 habitarent
1048 550 1099 633 (cf.
1114 553 1325 638 vsstbsqq.)

166 657 313 737 undeque
326 656 492 739 probabile
508 660 562 738 sit,
587 656 686 722 etiam
701 656 814 722 fanum
832 657 935 738 ipsum
953 657 1037 722 adiri
1049 659 1202 739 potuisse.
1233 656 1325 739 Quas

168 767 267 832 aedes
296 764 324 829 si
345 763 520 854 Euripides
548 764 580 829 in
605 764 713 830 animo
735 765 917 846 habuisset,
939 769 1029 830 certe
1050 771 1087 831 ut
1107 785 1170 833 vss.
1194 772 1234 833 65
1255 785 1324 846 sqq.

165 873 215 938 ita
245 873 345 939 etiam
368 873 428 938 hoc
455 871 525 938 loco
547 871 733 938 accuratius
757 871 976 954 significasset
997 877 1032 938 et
1053 874 1094 939 ab
1117 875 1214 956 aede,
1245 878 1325 938 ante

167 1000 263 1062 quam
283 979 448 1064 peregrini
469 984 570 1062 stant,
592 981 700 1060 aliquo
722 980 816 1047 modo
838 979 1050 1048 distinxisset.

272 1131 395 1214 Quibus
415 1130 478 1196 loci
490 1130 729 1212 interpretandi
747 1132 917 1197 conatibus
934 1130 1090 1197 refutatis
1107 1135 1153 1213 ut,
1173 1130 1250 1210 quid
1266 1149 1325 1212 pro

167 1234 332 1324 δωμάτων
349 1261 404 1323 πρ.
428 1237 632 1303 scribendum
651 1240 704 1321 sit,
723 1238 855 1304 facilius
867 1239 1090 1321 intellegatur,
1113 1238 1268 1304 nonnulla
1284 1237 1325 1302 de

163 1347 272 1416 verbis
294 1348 326 1412 τὶ
347 1347 492 1430 δρωμεν;
514 1341 742 1432 ἀμφίβληστρα
763 1343 824 1432 γὰρ
841 1348 962 1432 τοίχων
984 1337 1064 1435 ὁρᾷς
1083 1337 1196 1431 ὑψηλά
1216 1343 1326 1426 prufe-

163 1457 265 1522 renda
300 1454 461 1521 videntur.
513 1453 575 1518 His
606 1455 773 1520 vocabulis
810 1453 847 1520 G.
877 1454 1085 1519 Hermaunus
1120 1458 1155 1518 et
1183 1451 1326 1519 Kuicala

164 1564 279 1648 (Beitr.
298 1582 328 1644 p.
339 1565 414 1642 214)
438 1561 589 1626 Orestem
607 1562 775 1628 declarare
794 1562 1005 1644 contendunt,
1027 1579 1134 1628 muros
1149 1579 1213 1626 non
1229 1577 1327 1642 posse

165 1669 363 1736 transcendi.
400 1670 449 1734 Ac
468 1669 570 1750 primo
598 1669 727 1749 quidem
752 1671 868 1737 obtutu
887 1671 948 1737 hoc
968 1669 1182 1751 probabiliter
1202 1667 1326 1733 dictum

164 1779 295 1846 videtur
318 1795 405 1855 esse;
429 1777 486 1843 sed
507 1775 610 1843 totius
632 1778 925 1858 colloquii-natura
938 1782 1110 1861 perspecta
1132 1776 1231 1843 aliter
1251 1793 1325 1841 sen·

164 1888 289 1953 tlemus,
325 1884 418 1951 Metu
438 1884 523 1950 enim
544 1885 642 1950 valde
660 1886 808 1969 affectus,
832 1905 873 1951 ne
895 1883 1062 1952 eonsilium
1084 1902 1147 1950 non
1169 1901 1326 1965 prospere

164 1995 306 2077 eveniat,
330 2011 387 2059 suo
408 1992 638 2076 ipsiusiudicio
654 1994 741 2059 haud
763 1993 812 2060 ita
833 1995 969 2059 multum
992 1991 1141 2072 confidit3
1165 2009 1261 2072 quam
1283 1991 1324 2056 ob

165 2121 296 2169 causam
318 2120 360 2170 ex
382 2101 484 2167 amico
507 2102 636 2182 quaerit
659 2102 735 2183 quid
756 2104 880 2170 sentiat
901 2105 947 2190 (v.
970 2109 1021 2186 69,
1039 2109 1090 2186 72,
1109 2106 1166 2188 74)
1190 2100 1325 2179 eiusque

164 2211 327 2295 responsis
356 2215 530 2278 contentus
561 2216 621 2276 est.
665 2211 762 2277 Hanc
783 2212 833 2278 sui
858 2212 959 2294 ipsius
985 2210 1217 2292 diffidentiam,
1248 2209 1324 2274 dum

164 2321 220 2386 ille
244 2321 283 2386 de
308 2320 380 2386 dolo
403 2337 542 2400 querens
563 2319 604 2384 ad
622 2319 805 2401 Apollinem
827 2339 862 2385 se
882 2321 1056 2401 convertit,
1078 2338 1141 2387 non
1165 2317 1324 2383 minutam

165 2447 236 2495 esse
259 2447 299 2494 ex
313 2447 350 2494 eo
363 2433 511 2510 apparet,
535 2427 619 2508 quod
641 2429 889 2509 compellatione
900 2428 994 2494 finita
1013 2428 1126 2494 statim
1143 2426 1323 2510 profertur:

163 2538 195 2603 τί
226 2537 370 2623 decipiam
405 2535 513 2619 Quare
540 2542 792 2603 consentaneum
816 2537 974 2618 existimo,
999 2537 1149 2603 Orestem
1170 2537 1230 2602 hoo
1252 2540 1324 2600 toto

168 2646 325 2727 colloquio
356 2650 393 2711 ut
414 2645 558 2725 reliquas
588 2644 754 2727 opiniones
775 2663 851 2710 suas
873 2645 921 2712 ita
941 2664 1013 2712 eam
1033 2664 1158 2726 quoque
1180 2662 1322 2726 causam,

168 2773 231 2834 qua
261 2754 378 2848 ductus
406 2753 487 2818 illud
511 2752 695 2836 interrogat
717 2753 761 2838 (v.
786 2759 826 2818 96
843 2765 916 2839 sq),
939 2754 1057 2836 Pyladi
1084 2752 1324 2819 diiudicandam

165 2862 372 2945 permittere;
396 2866 495 2941 atque
519 2879 556 2926 eo
578 2860 692 2943 magis,
715 2860 799 2940 quod
819 2860 906 2926 haud
928 2862 1028 2927 multo
1045 2867 1118 2944 post
1134 2861 1228 2927 huius
1251 2879 1323 2926 sen-

165 2971 290 3037 tentiae
314 2974 404 3034 totus
434 2968 615 3034 assentitur
638 2969 685 3054 (v.
710 2974 794 3047 118).
838 2968 886 3033 Et
914 2970 942 3034 si
966 2969 1035 3051 ipse
1056 2986 1163 3034 muros
1188 2968 1323 3034 altiores

165 3081 299 3156 putaret
320 3095 415 3157 quam
436 3079 473 3141 ut
495 3080 737 3158 superarentur,
761 3076 873 3156 quidni
895 3095 936 3142 ex
962 3077 1080 3160 amice,
1104 3076 1158 3157 qui
1180 3076 1266 3158 loca,
1288 3076 1322 3141 iu

167 3187 282 3268 quibus
303 3189 487 3266 versantur,
507 3189 606 3264 atque
626 3185 660 3250 111
679 3185 730 3251 his
743 3189 833 3250 certe
855 3184 956 3250 etiam
975 3203 1082 3252 muros
1102 3184 1215 3266 templi
1228 3179 1322 3269 (α’μφ.

164 3297 242 3380 τοίχ.
260 3287 339 3382 ὁρᾷς
359 3285 493 3378 ὑψηλά),
516 3292 703 3359 accuratius
722 3293 903 3375 inspexerit
917 3293 969 3378 (cf.
982 3311 1028 3360 vs.
1043 3299 1100 3373 ⁷63
1114 3293 1190 3361 vide
1199 3293 1323 3378 supra),

166 3403 319 3483 cuiusque
342 3399 468 3467 animus
489 3400 595 3465 adhuc
617 3400 699 3467 nihil
721 3406 773 3467 est
793 3401 968 3486 infractus
1001 3408 1147 3484 quaerat,
1169 3421 1246 3468 num
1267 3419 1323 3466 eos

165 3509 353 3578 transcendi
382 3526 477 3589 posse
512 3507 669 3575 censeat?
722 3509 881 3592 Quoniam
909 3511 1010 3594 igitur
1034 3509 1184 3576 Orestem
1214 3510 1324 3577 verbis

165 3620 231 3686 illis
253 3617 393 3683 nondum
415 3617 455 3682 de
476 3615 577 3681 muris
593 3616 771 3683 diiudicare
787 3619 859 3684 veri
877 3619 1073 3685 simillimum
1095 3623 1146 3684 est
1162 3638 1267 3698 neque
1289 3619 1323 3685 in

166 3726 311 3794 codicum
327 3723 467 3790 lectione
482 3719 648 3808 δωμάτων
661 3747 716 3809 πρ.
739 3730 836 3806 aptus
848 3744 961 3791 sensus
981 3725 1068 3790 inest
1085 3730 1120 3791 et
1134 3726 1216 3792 muri
1225 3727 1324 3794 scalis

169 3835 381 3914 scanduntur,
404 3831 584 3898 Kirchoffio
615 3831 763 3899 Nauokio
784 3832 902 3900 Weilio
927 3833 1130 3900 Weckleinio
1151 3835 1323 3918 assentior,

166 3934 381 4028 κλιμάκων
404 3935 643 4026 προςαμβάσεις
662 3945 762 4026 (quae
777 3959 874 4008 voces
896 3960 994 4023 saepe
1014 3941 1100 4024 apud
1120 3947 1235 4023 poetas
1256 3947 1324 4008 tra·

166 4053 256 4136 gieos
277 4047 498 4130 inveniuntur,
522 4046 563 4113 cf.
588 4050 696 4131 supra)
714 4049 747 4114 in
770 4053 897 4115 textum
917 4067 988 4115 esse
1010 4048 1238 4130 recipiendum.

270 4198 331 4264 His
353 4199 449 4264 rebus
471 4197 659 4264 constitutis
685 4177 732 4264 ad'
751 4216 836 4280 eam,
861 4217 957 4280 quam
979 4199 1070 4265 nobis
1091 4199 1330 4284 proposuimus,

166 4308 386 4391 quaestionem
409 4305 539 4388 propius
561 4305 762 4372 accedamus.

343 4441 394 4504 98.
608 4439 682 4515 πῶς
705 4487 712 4504 .
736 4487 744 4504 .
768 4487 775 4504 .
799 4425 859 4503 οὖν
880 4430 1042 4524 μάθοιμεν
1064 4431 1114 4520 ἄν,
