2994 4902
617 332 831 394 ..32-

148 494 251 559 tuitus
273 497 331 558 est.
362 493 422 558 His
443 495 540 560 rebus
561 498 676 563 relatis
693 497 910 564 armentarius
925 497 981 562 ille
994 498 1033 563 de
1046 498 1163 564 Oreste
1174 501 1311 580 loquens

147 619 282 666 narrare
305 603 426 684 pergit:

272 714 342 774 315.
367 705 503 794 ἔμφρων
525 704 677 800 δ’ἅνρίξας
698 707 716 777 ὁ
740 713 834 791 ξένος
855 707 1038 799 πεσήματος

334 847 336 851 ·
363 815 447 900 ἔγνω
468 811 624 883 κλύδωνα
645 821 812 904 πολεμίων
834 822 1069 906 προσκείμενον

272 927 341 988 317.
365 926 418 988 καὶ
441 921 499 1009 τὴν
524 929 693 1011 παροῦσαν
717 925 890 1013 συμφορὰν
913 924 1028 994 αὐτοῖν
1050 929 1151 1005 πέλας

361 1027 479 1117 ᾤμωξε
499 1027 541 1098 θ’.

147 1139 284 1204 Versum
309 1143 370 1204 317
392 1159 410 1205 e
436 1140 565 1206 scholiis
594 1142 636 1206 ad
660 1143 818 1207 vocabula
841 1135 996 1207 κλύδωνα
1016 1149 1051 1208 et
1071 1143 1311 1228 προσκείμενον

147 1247 371 1328 spectantibus
400 1247 574 1314 conflatum
603 1249 831 1330 interpolatori
861 1251 977 1316 tribuit
1008 1251 1062 1318 Fr.
1091 1251 1129 1318 G.
1149 1250 1311 1329 -Botbius3

146 1355 313 1421 Nauckius
336 1375 461 1436 quoque
483 1357 665 1422 trimetrum
689 1359 803 1423 abesse
827 1359 961 1424 mavult.

253 1463 472 1546 „Quamquam
489 1467 591 1542 πέλας
605 1477 758 1549 παρεῖναι
780 1466 937 1547 exemplis
960 1466 1090 1531 delendi
1111 1469 1233 1548 posset,
1257 1465 1313 1530 hic

149 1576 238 1637 certe
276 1591 315 1636 ea
348 1572 546 1638 constructio
582 1573 859 1656 languidissimam
893 1574 1091 1640 sententiam
1124 1574 1311 1655 praeberet,

148 1679 314 1745 intellexit
330 1681 440 1746 hostes
456 1680 608 1764 ingruere
622 1685 656 1746 et
672 1682 895 1746 calamitatem
907 1681 1181 1763 appropinquare,
1203 1699 1311 1760 neque

99 1862 102 1872 ¹
153 1787 180 1853 si
202 1788 263 1852 hoc
286 1787 455 1852 dicendum
480 1792 576 1869 esset,
598 1788 757 1853 articulus
774 1788 921 1854 adhiberi
936 1793 1056 1870 posset.
1087 1789 1204 1868 itaque
1228 1789 1312 1853 haec

145 1896 194 1961 ita
210 1895 369 1977 capienda
380 1900 473 1977 puto:
498 1893 581 1981 ἔγνω
603 1891 727 1982 ταύτην
747 1889 920 1982 σομφοροίν
936 1897 1038 1974 πέλας
1060 1891 1175 1962 αὐτοῖν
1195 1884 1312 1978 οὖσαν,

145 1996 228 2088 ἥπερ
251 2005 313 2068 νῦν
333 1998 480 2089 πάρεστι,
503 2023 547 2070 sc.
569 2008 606 2069 ut
627 2004 713 2085 capti
736 2007 814 2070 ante
835 2022 925 2069 aram
942 2002 1070 2070 Dianae
1091 2006 1310 2069 mactentur,“

148 2111 240 2177 Haec
259 2111 420 2177 Badhami
442 2111 671 2194 interpretatio
695 2113 933 2193 comprobanda
953 2112 1032 2179 mihi
1055 2113 1193 2179 videtur.
1228 2111 1312 2177 Cum

149 2224 308 2301 pastores,
329 2221 518 2302 peregrinos
540 2221 654 2287 timore
667 2221 806 2287 crudelis
825 2221 913 2287 illius
933 2221 1030 2288 moris
1041 2221 1172 2287 Taurici
1193 2220 1311 2300 impul-

147 2347 199 2394 sos
219 2328 253 2393 in
268 2347 398 2410 specum
421 2348 456 2394 se
474 2330 636 2395 abdidisse
650 2330 773 2412 opinati
794 2330 873 2415 (vss.
886 2335 1078 2414 art-279),
1092 2329 1215 2395 hostias
1228 2329 1312 2394 deae

147 2455 202 2502 eos
213 2437 326 2504 venari
339 2437 506 2502 consilium
519 2439 675 2520 ceperint,
695 2437 824 2503 minime
838 2438 954 2503 mirum
971 2444 1031 2520 est,
1047 2438 1130 2517 quod
1142 2437 1309 2518 bubulcus

148 2545 201 2624 qui
224 2545 308 2610 hanc
324 2545 531 2610 venationem
549 2545 713 2628 describit,
739 2545 889 2612 Orestem
900 2551 1042 2629 ‚propter
1057 2545 1310 2610 immolationem

152 2653 291 2719 eiulasse
314 2653 375 2719 sibi
397 2653 569 2734 persuasit.
613 2655 722 2735 Atque
747 2653 895 2736 Orestes,
925 2655 979 2736 qui
1000 2673 1079 2736 prae
1101 2653 1312 2720 multitudine

148 2762 288 2827 hostium
321 2763 424 2843 ipsum
454 2761 668 2828 adorientium
699 2761 753 2848 (ci,
776 2781 840 2828 uss.
863 2768 935 2828 306.
958 2769 1020 2828 313
1044 2781 1090 2842 sq.
1114 2767 1187 2842 328)
1218 2778 1311 2826 occa-

148 2871 268 2937 sionem
299 2871 459 2937 evadendi
487 2889 644 2951 nusquam
674 2872 819 2936 oblatam
845 2870 972 2952 videat,
1006 2869 1104 2935 facile
1133 2888 1170 2937 eo
1198 2873 1311 2950 potest

147 2978 280 3060 adduci,
311 2982 348 3043 ut
368 2979 485 3060 capitis
511 2979 689 3060 periculum
711 2980 909 3061 recordetur,
936 2979 1020 3060 quod
1049 2980 1168 3045 sibiet
1193 2979 1310 3062 amico,

148 3087 176 3153 si
194 3091 398 3168 caperentur,
420 3087 586 3152 imminere
604 3092 704 3153 antea
728 3091 1064 3172 cognoveramus).
1097 3088 1215 3168 Itaque
1236 3107 1312 3153 ver-

149 3215 219 3260 sum
240 3201 312 3278 317,
337 3214 543 3277 quamquam,
576 3196 603 3260 si
630 3215 701 3261 eum
723 3197 927 3279 expunxeris,
951 3215 1052 3264 nexus
1070 3197 1311 3264 sententiarum

149 3323 214 3370 non
238 3303 493 3387 perturbabitur,
516 3305 642 3371 seruari
663 3324 757 3386 posse
781 3306 938 3372 existimo

588 3439 893 3455 ·······-··—-·——·=

267 3512 403 3577 Versum
427 3517 498 3578 339.
521 3513 612 3592 δίκας
633 3516 768 3581 τίνουσα
790 3519 845 3602 τῆς
868 3515 904 3581 ἐν
929 3509 1046 3580 Aditur
1068 3519 1192 3600 σφαγῆς

152 3625 337 3701 suspectum
351 3620 451 3686 habet
462 3621 637 3705 Nauckius,
650 3629 833 3706 propterea,
846 3624 880 3688 ni
895 3623 1001 3705 fallor,
1015 3623 1090 3703 quia
1103 3623 1215 3688 eadem
1230 3620 1312 3704 iere,

152 3748 234 3809 quae
258 3730 349 3794 rnudo
372 3729 461 3800 dicta
484 3729 559 3812 sint,
583 3737 784 3813 repetantur.
822 3733 908 3797 Saue
931 3732 1069 3812 quidem.
1100 3731 1164 3796 Sed
1187 3749 1313 3796 conexu

150 3842 304 3904 accurate
347 3838 531 3903 examinato
567 3839 641 3904 huic
676 3840 818 3921 opinioni
852 3839 1005 3905 assentiri
1036 3858 1099 3905 non
1136 3856 1313 3921 possumus,

152 3945 285 4011 Etenim
306 3947 525 4012 armentarius
546 3948 745 4038 advenarum
777 3952 813 4013 et
831 3949 991 4014 virtutem
1014 3952 1054 4031 (v.
1081 3953 1153 4029 297,
1178 3950 1252 4025 304)
1278 3953 1313 4013 et

153 4053 380 4136 integritatem
403 4057 448 4133 (v.
462 4055 539 4141 336)
552 4060 725 4138 tantopere
746 4056 936 4139 admiratur,
961 4061 998 4121 ut
1019 4055 1080 4121 sibi
1102 4056 1312 4139 persuaserit,

153 4161 327 4228 Graeciam
355 4163 412 4228 hos
435 4163 734 4244 praestantissimos
756 4165 843 4231 viros
867 4165 925 4242 (ci.
948 4183 978 4230 v.
1002 4169 1086 4230 459:
1117 4159 1311 4249 capotium,

151 4269 245 4362 [474ι
283 4265 364 4333 σίων
395 4283 540 4355 στερεῖσα
570 4265 741 4357 διπτύχων
768 4272 935 4361 νεἀνισ5ν])
969 4272 1174 4338 amittentem
1208 4289 1313 4354 poena

152 4377 240 4448 affici
259 4377 461 4460 gravissima,
494 4378 602 4460 Quare
618 4399 688 4446 cum
708 4399 736 4443 v.
753 4387 815 4446 336
840 4385 873 4446 et
893 4380 1010 4446 iterum
1034 4400 1064 4448 v.
1080 4385 1141 4446 338
1165 4380 1313 4463 graviter
