2994 4902
166 511 355 579 Usener:
377 513 458 580 Mus.
482 515 586 582 Rhen.
612 521 703 582 1868.
725 535 755 596 p.
780 520 841 583 166
862 535 930 597 sqq.

167 619 414 687 Wecklein:
452 623 701 707 Bemerkungen
736 642 794 690 zur
823 625 919 690 Taur.
948 624 1054 707 Iphig.
1082 626 1191 690 annal.
1221 625 1332 706 philol.
1439 683 1444 693 .

278 728 376 794 class.
405 735 494 798 1876.

167 877 210 885 -
223 875 266 886 -
292 836 430 903 Studien
454 857 494 904 zu
516 839 689 920 Euripides
712 839 800 924 (vide
822 845 943 922 supra).

166 941 332 1010 Bauer:
373 945 419 1011 Zu
448 945 630 1027 Emipides'
658 946 829 1029 lphigenie
853 946 914 1012 aul
938 946 1089 1012 Taurien.
1135 945 1334 1011 Festschrift

279 1052 339 1117 des
361 1053 679 1137 Wilhelmsgymnas.
702 1055 735 1120 in
757 1055 929 1121 Miinchen.
960 1061 1052 1121 1872.

282 1159 337 1226 De
364 1160 558 1228 Weckleinii
580 1163 721 1228 editione
742 1162 884 1228 iudicat:

166 1265 203 1330 Μ
215 1285 235 1332 e
245 1271 287 1333 tz
297 1285 320 1348 g
330 1286 386 1332 er:
410 1269 542 1335 Blatter
565 1270 619 1336 fiir
637 1271 696 1336 das
711 1270 791 1336 bair.
805 1270 958 1353 Gymnas,
972 1271 1035 1336 und
1047 1270 1334 1335 Realschulwesen

277 1375 358 1458 ΧΠ,
382 1376 443 1444 vol.
465 1397 495 1459 p.
522 1383 703 1444 457-4oo.
729 1418 769 1425 -

282 1484 526 1569 (ChnZiegleri
545 1486 734 1570 disputatio,
755 1507 838 1567 quae
855 1487 942 1553 inest
963 1485 996 1550 in
1014 1485 1123 1550 libello
1139 1483 1333 1550 scholastico

168 1589 420 1674 Stuttgartensi
448 1596 560 1680 (1871)
584 1600 618 1660 et
643 1595 857 1661 Herwerdeni
885 1593 1113 1661 adnotationes
1144 1593 1277 1658 criticae
1300 1598 1334 1658 et

168 1701 369 1783 exegeticae
391 1703 433 1768 ad
455 1705 645 1786 Euripidem
665 1705 913 1791 (Amstelodami
940 1708 1034 1782 1873,
1063 1704 1159 1788 1874)
1181 1706 1265 1783 part.
1288 1701 1332 1768 ll.

167 1813 308 1888 praesto
330 1809 408 1876 mihi
428 1830 491 1876 non
516 1813 673 1899 fuerunt).

279 1915 324 2004 Hi
361 1936 471 1984 omnes
504 1919 567 1985 viri
598 1919 699 2002 docti,
742 1937 934 1999 quamquam
965 1917 997 1981 in
1029 1914 1267 1999 investigandis
1299 1919 1334 1978 et

168 2021 369 2090 definiendis
390 2026 695 2108 interpolationibus
712 2027 879 2109 sagaciter
902 2030 936 2090 et
959 2025 1131 2106 interdum,
1152 2029 1190 2089 ut
1211 2023 1332 2106 opinor,

168 2129 318 2195 feliciter
331 2135 455 2201 versati
477 2140 564 2217 sunt,
587 2139 698 2200 tamen
718 2133 847 2216 saepius
869 2133 956 2199 inter
978 2152 1013 2197 se
1035 2131 1233 2198 dissentiunt
1254 2149 1333 2196 non-

168 2237 321 2317 nullique
343 2241 498 2307 audaoius
520 2261 615 2322 quarn
641 2261 700 2323 par
722 2247 774 2307 est
792 2241 953 2306 iudicasse
971 2239 1050 2305 mihi
1072 2239 1200 2320 quidem
1221 2238 1332 2304 viden-

169 2349 240 2410 tur.
274 2345 398 2428 Quibus
420 2349 460 2414 de
483 2350 590 2416 causis
612 2369 672 2432 ego
686 2331 843 2430 quaerere
866 2349 944 2414 mihi
964 2347 1125 2430 proposui,
1150 2347 1203 2428 qui
1218 2365 1333 2412 versus

170 2451 369 2537 Iphigeniae
400 2457 560 2524 Tauricae
589 2478 646 2540 pro
676 2458 884 2539 interpolatis
916 2461 975 2522 aut
1003 2456 1163 2538 suspectis
1192 2455 1333 2520 habendi

168 2561 250 2627 sint.
297 2563 377 2628 Cum
410 2570 519 2631 autem
549 2566 702 2649 permulti
731 2568 764 2632 in
794 2564 1008 2647 suspicionem
1037 2564 1147 2630 vocati
1175 2563 1242 2628 sint
1274 2567 1333 2628 aut

168 2669 331 2752 damnati,
353 2672 491 2752 priorem
514 2681 641 2758 partem
664 2693 783 2756 eorum,
805 2675 860 2754 qui
878 2674 989 2739 insunt
1009 2673 1043 2739 in
1059 2673 1223 2754 diverbiis,
1245 2676 1332 2737 trac-

170 2783 306 2844 taturus
327 2799 406 2863 snm,
429 2783 568 2850 alteram
580 2789 614 2849 et
635 2783 827 2866 suspiciosos
839 2782 927 2848 chori
939 2799 1053 2846 versus
1061 2781 1094 2845 in
1106 2780 1195 2846 aliud
1205 2785 1332 2862 tempus

168 2883 335 2952 differens.

276 2994 340 3060 Sed
361 2997 547 3080 priusquam
568 2999 610 3063 ad
641 3016 709 3063 rem
731 2997 834 3079 ipsam
864 2997 1051 3080 aggrediar,
1077 2997 1233 3063 nonnulla
1260 3017 1331 3079 pro·

168 3101 310 3166 serenda
339 3103 507 3186 videntur,
539 3104 674 3186 primum
705 3124 809 3184 aquo
833 3104 1010 3184 quibusque
1037 3106 1206 3170 decausis
1231 3105 1332 3169 inter·

167 3208 354 3290 polationes
383 3216 475 3277 ortae
506 3213 587 3293 sint,
620 3213 737 3278 deinde
760 3214 903 3295 quaudo,
935 3217 1003 3278 tum
1026 3232 1108 3294 quae
1132 3232 1242 3278 earum
1265 3213 1332 3278 sint

167 3317 302 3384 indicia.

276 3428 325 3492 Ac
347 3428 483 3510 primum
506 3447 546 3494 ex
571 3429 702 3494 scholiis
726 3430 778 3513 (oi.
802 3430 845 3494 ad
864 3429 972 3495 Orest.
998 3435 1090 3510 1023,
1114 3434 1206 3495 1352.
1229 3429 1330 3493 Andr.

168 3543 202 3602 6.
225 3533 310 3602 Med.
336 3539 409 3618 356,
433 3541 517 3620 379),
541 3554 624 3617 quae
646 3538 802 3604 exhibent
819 3538 962 3622 vestigia
984 3538 1152 3604 doctrinae
1172 3555 1332 3620 gramma-

168 3643 310 3708 ticorum
329 3643 633 3727 Alexandrinorum,
657 3651 795 3728 apparet
815 3664 913 3712 unum
932 3665 1036 3728 genus
1057 3664 1128 3710 esse
1150 3644 1330 3727 proiectum

167 3751 214 3817 ab
247 3749 457 3817 histrionibus
471 3753 503 3838 1),
541 3752 595 3832 qui
629 3755 787 3820 orationis
824 3753 1073 3837 amplificandae
1102 3753 1330 3832 ornandaeqne

167 3876 273 3925 causa
301 3876 415 3925 versus
448 3860 660 3942 addiderunt;
695 3881 756 3942 quo
788 3863 988 3930 factumest
1015 3867 1066 3942 ut,
1095 3879 1167 3926 cum
1198 3859 1330 3926 fabulae

167 3968 289 4032 iterum
311 3973 503 4050 agerentur,
535 3969 616 4034 haec
641 3969 868 4036 additamenta
890 3969 923 4034 in
947 3974 1073 4034 textum
1095 3967 1329 4049 reciperentur.

167 4074 322 4140 Alterum
350 4092 452 4157 genus
481 4076 619 4142 debetur
640 4078 863 4159 grammaticis
892 4082 926 4142 et
952 4076 1142 4156 lectoribus
1172 4074 1330 4154 aquibus

168 4182 491 4262 interpretandorum
523 4183 665 4248 locorum
692 4189 751 4248 aut
774 4185 1060 4267 corporandorum
1087 4200 1185 4248 carisa
1218 4182 1259 4246 de
1282 4181 1328 4246 in·

170 4294 278 4302 ..—-.-.
289 4295 359 4300 —--
369 4295 429 4302 -.—-—

277 4329 296 4396 1)
315 4329 438 4384 Perverse
460 4330 491 4384 do
511 4329 560 4384 liae
584 4347 610 4384 re
629 4329 758 4386 iudicavit
777 4332 975 4386 lloimsocthius
994 4333 1019 4386 in
1045 4331 1092 4386 illo
1111 4345 1187 4400 quom
1213 4329 1244 4386 do
1268 4347 1328 4386 roro

169 4415 323 4490 ὑποκριτής
341 4422 449 4491 scripsit
463 4423 686 4477 commentariolo.
