2994 4902
631 253 843 316 ..39-

152 415 296 484 oemium
319 418 363 484 sit
383 439 533 487 versuum
553 425 615 486 352
636 439 683 502 sq.
729 421 832 504 Quam
854 422 893 486 ob
916 439 983 486 rem
1006 438 1070 486 non
1091 419 1214 501 dubito,
1236 418 1313 500 quin

151 543 274 592 versus
308 545 363 610 eo,
400 546 461 608 quo
488 529 522 596 in
550 529 713 596 codicibus
748 528 883 613 legitur,
911 529 982 595 loco
1022 528 1092 594 iure
1120 527 1312 594 retineatur.

152 631 372 700 Coniecturae
400 639 526 718 autam,
557 654 638 716 quas
659 636 806 703 Bauerus
824 641 943 720 (progr.
967 655 998 718 p.
1021 641 1039 702 9
1061 640 1121 718 sq.)
1144 633 1313 702 iaciendas

152 741 336 825 existimat,
358 743 452 825 parvi
474 743 627 810 momenti
647 749 733 811 sunt.
776 745 942 812 Vocabulo
963 745 1033 826 voi,
1063 743 1147 824 qnod
1173 762 1230 824 pro
1259 743 1314 808 καί

151 851 380 934 commendat,
433 852 691 920 coniunctionem
723 852 964 922 enuntiatorum
999 852 1161 919 inutiliter
1207 851 1312 931 delet3

150 977 214 1041 pro
232 977 314 1027 voce
325 961 416 1043 φίλαι
435 966 547 1028 autem
558 963 731 1046 legendum
750 980 823 1028 esse
832 955 934 1027 πάλαι
945 961 1095 1029 inanibus
1110 959 1313 1044 argumentis

150 1068 367 1150 comprobare
386 1070 507 1137 studet.
552 1071 760 1137 Allocutione
776 1070 868 1154 φίλαι
887 1069 1068 1155 Iphigenia,
1091 1073 1129 1136 ut
1150 1066 1312 1152 virginum

148 1176 411 1245 misericordiam
432 1182 642 1262 commoveat,
667 1178 834 1261 aptissime
855 1177 969 1246 ut'tur.

311 1616 382 1679 376.
610 1609 717 1679 πολλὰ
735 1607 764 1678 δ’
765 1606 936 1700 ἀπεθέμην
956 1603 1152 1696 ἀσπάσματα

310 1725 382 1788 377.
405 1721 562 1804 εἰσαῦθις,
585 1715 632 1800 ὡς
652 1714 763 1808 ἥξουσ’
786 1719 818 1799 ἐς
831 1714 947 1807 ’Ἄργος
969 1708 1011 1786 ad
1031 1712 1141 1788 πάλιν.

147 1829 220 1894 Cur
244 1827 411 1895 Nauckius
433 1847 561 1896 versum
582 1835 645 1896 377
666 1829 700 1896 in
723 1827 936 1910 suspicionem
958 1827 1139 1909 vocaverit,
1162 1822 1312 1906 equidem

147 1954 218 2003 non
247 1935 415 2019 perspicio.
464 1936 515 2002 Eo
544 1936 630 2003 enim
658 1937 767 2004 deleto
796 1941 831 2003 et
859 1935 1078 2017 desideratur,
1108 1940 1145 2000 ut
1172 1933 1311 2015 dicatur,

148 2063 253 2126 quam
286 2045 326 2110 ob
357 2062 489 2111 causam
510 2044 682 2129 Iphigenia
711 2045 879 2127 amplexus
898 2044 972 2110 illos
993 2042 1172 2124 distulerit,
1195 2059 1310 2123 neque,

146 2157 190 2220 nt
220 2151 518 2220 Raucbensteinius
546 2159 638 2220 reete
667 2154 806 2219 adnotat
835 2158 876 2236 (p.
900 2159 952 2234 0.),
984 2150 1203 2234 intellegitur,
1234 2149 1312 2230 quid

147 2260 215 2328 sibi
246 2259 330 2328 velit
358 2255 535 2348 ἀπεθέμην.
582 2262 675 2345 Quod
703 2263 839 2330 verbnm
873 2258 1111 2344 significatione
1140 2255 1312 2324 differendi

147 2372 346 2450 usurpatum
362 2369 568 2453 coniungitur
590 2387 662 2436 oum
685 2368 923 2452 praepositione
942 2367 996 2445 εἰς.
1018 2366 1167 2448 Xenoph.
1183 2364 1310 2432 conviv.

145 2477 193 2544 Π.
220 2482 257 2542 7;
282 2475 428 2556 εἰσαῦθις
449 2470 668 2563 ἀποθώμεθα.
697 2478 783 2545 Plat.
805 2475 948 2560 Euthyd.
972 2494 1001 2557 p.
1024 2481 1096 2542 275.
1112 2493 1142 2539 a.
1164 2471 1312 2550 εἰσαῦθις

145 2579 355 2654 hebroino.
377 2584 476 2668 Gorg.
489 2589 561 2653 449.
572 2585 600 2650 b.
617 2585 720 2669 Legg.
737 2591 785 2651 10.
798 2605 828 2667 p.
838 2591 909 2651 887.
932 2584 1031 2650 Isocr.
1046 2600 1176 2665 paragr.
1188 2601 1219 2663 p.
1237 2585 1310 2646 374.

145 2693 188 2760 E.
216 2693 263 2770 εἰς
283 2694 405 2759 τοῦτον
430 2687 622 2760 ἀποθέσθαι
643 2687 704 2758 τὸν
726 2684 856 2778 χρόνον,
888 2691 1037 2774 Xenoph.
1061 2707 1190 2757 memor.
1212 2688 1257 2754 ΙΙ.
1283 2694 1310 2755 1.

146 2806 205 2868 31.
229 2799 274 2878 εἰς
295 2797 334 2866 τὸ
353 2803 452 2887 γῆρας
471 2795 682 2885 ἀποθέμενοι.

581 2983 801 2991 ——.-—-·—.
805 2984 821 2990 .-
825 2984 885 2990 -..-

261 3135 432 3218 Iphigenia
453 3155 517 3206 vss,
541 3139 714 3204 oco—384
733 3135 956 3218 reprehendit,
978 3135 1063 3216 qnod
1083 3132 1205 3215 Diana,
1237 3151 1310 3200 cum

148 3245 226 3326 ipsa
237 3244 420 3311 delectetur
435 3244 655 3311 immolatione
666 3244 838 3326 bominum,
860 3244 915 3311 vel
931 3243 1032 3310 caede
1043 3242 1097 3310 vel
1114 3241 1309 3323 contagione

148 3368 332 3435 puerperae
348 3351 402 3419 vel
423 3351 594 3421 cadaveris
617 3352 856 3420 contaminatos
877 3352 919 3418 ab
941 3351 1008 3418 aris
1029 3353 1152 3417 arceat.
1184 3347 1246 3416 His
1268 3367 1309 3416 ex

148 3456 300 3525 versibus

358 3569 430 3632 382.
454 3559 474 3652 ἢ
495 3567 549 3632 καὶ
568 3568 692 3652 λοχείας
715 3561 736 3655 ἢ
756 3568 875 3652 νεκροῦ
897 3565 973 3650 θίγῃ
995 3575 1103 3651 χεροῖν

147 3692 209 3758 pro
231 3674 439 3756 suppositicio
462 3677 585 3743 habent
606 3676 793 3744 Badbamus
815 3674 982 3742 Nauokius
1004 3713 1043 3724 -
1065 3671 1180 3752 quibus
1188 3669 1308 3736 Weck-

147 3782 268 3851 leinins
288 3782 478 3850 dubitanter
497 3784 721 3867 adstipulatur
742 3825 799 3867 -,
823 3783 898 3866 qnia
919 3798 1099 3865 puerperae
1120 3797 1308 3846 commemo·

147 3891 237 3960 ratio
271 3891 352 3958 nibil
389 3891 493 3958 iaciat
521 3893 564 3960 ad
599 3898 843 3978 argumentum
878 3890 918 3958 ci.
949 3891 1050 3958 etiam
1074 3885 1308 3956 Wilamovitzii

146 3997 247 4066 Anal.
270 4017 300 4080 p.
322 4004 394 4068 706.

252 4103 362 4174 Diana
376 4111 427 4174 est
439 4108 568 4175 domina
579 4109 748 4176 mulierum
765 4113 939 4192 nuptarum
954 4107 1127 4196 (δέσποινα
1138 4107 1306 4190 γυναικῶν

147 4213 251 4284 Antb.
274 4213 562 4304 Pa1.V1,aea)ao
584 4217 646 4286 dea
667 4218 839 4302 puerperii,
863 4235 945 4300 quae
962 4220 1099 4285 vocatur
1121 4215 1230 4300 λοχεια
1251 4213 1305 4280 vel

148 4322 366 4410 λοχ1αιΡ1ιι.
390 4343 467 4392 mor.
490 4344 521 4407 p.
538 4331 611 4396 658.
636 4326 735 4410 Orph.
759 4328 789 4395 1ι.
808 4331 890 4408 uad.
914 4325 1002 4396 Euro
1015 4326 1086 4408 Ipb.
1102 4324 1199 4392 Taur.
1212 4326 1305 4394 1097.
