2994 4902
651 291 861 352 ...63-

315 456 535 525 Kirchhcffius
557 451 635 523 τάδ’
657 456 711 535 οός
732 455 870 542 ἐρωτῶν
892 451 921 520 σ’
938 456 983 536 εἰς
1004 452 1113 522 ἄπιστ’
1136 451 1317 546 ἀφικόμην.

482 566 535 632 vel
558 558 681 648 κλύων,
702 563 840 649 ἐρωτῶν
862 557 891 628 δ’
912 564 957 641 εἰς
978 553 1085 632 ἄπιᾶτ’
1104 560 1269 654 ἀφίξομαι.

177 673 226 738 At
246 673 316 740 veri
336 673 441 739 simile
461 693 525 739 non
547 673 695 755 videtur,
720 672 847 739 senario
870 677 931 739 781
955 673 1165 755 pronuntiato
1185 675 1335 744 Orestem

177 799 258 863 prae
277 799 400 848 summa
422 782 523 849 animi
543 781 718 848 affectique
737 782 831 863 plura
854 780 1027 847 addidisse.
1074 781 1178 864 Quam
1199 785 1336 869 obrem,

178 889 491 972 opinor‚rehquiviri
502 891 591 957 docti
602 891 724 957 maiore
738 888 878 956 iuresibi
890 897 1132 974 persuaserunt,
1142 910 1173 959 v.
1188 899 1249 961 782
1264 913 1337 961 esse

176 999 385 1066 tribuendum
398 999 598 1082 Iphigeniae.
620 1037 664 1050 -
688 997 768 1064 Cum
780 1001 889 1064 autem
905 999 1006 1064 verba
1022 992 1091 1085 τάχ’
1112 989 1173 1066 οὖν
1192 999 1338 1088 ἑραιτῶσ

176 1107 224 1184 εἷς
242 1100 351 1172 ἄπιστ’
363 1101 520 1192 ἀφίξομαι
541 1107 574 1173 in
596 1126 652 1174 ore
666 1106 857 1190 Iphigeniae
880 1106 1028 1171 hocloco
1051 1105 1132 1172 ferri
1153 1127 1218 1175 non
1238 1127 1333 1192 posse

178 1219 350 1296 appareat,
370 1213 427 1279 alii
441 1214 652 1297 emendando,
674 1213 733 1280 alii
754 1213 996 1296 transponendo
1008 1232 1105 1280 versu
1113 1219 1336 1299 -comuptelam

178 1341 300 1388 sanare
320 1322 525 1389 studuerunt.
856 1384 859 1389 .

283 1429 335 1496 De
358 1429 550 1496 emendandi
571 1427 672 1513 igitur
695 1429 865 1495 conatibus
888 1428 1059 1495 dicendum
1080 1435 1140 1496 est.

285 1537 456 1623 Iphigenia
475 1541 544 1604 tam
568 1556 666 1619 saepe
694 1537 1007 1620 interrogationibus
1033 1539 1213 1622 peregrini,
1244 1559 1338 1622 quem

183 1663 316 1712 suarum
344 1645 447 1728 ipsius
476 1663 584 1711 rerum
611 1645 859 1713 domesticarum
883 1645 1111 1728 gnarissimum
1140 1650 1240 1714 antea
1262 1648 1338 1734 (uss.

182 1757 248 1820 507
270 1755 353 1838 sqq.)
381 1757 597 1836 cognoverat,
629 1741 843 1835 interpellata
871 1753 941 1819 sine
971 1753 1067 1820 dubio
1098 1755 1218 1837 ssnsh,
1251 1756 1338 1824 haud

183 1858 233 1924 ita
250 1860 388 1925 multum
409 1858 486 1925 fidei
506 1859 606 1943 Argis
627 1857 786 1941 epistolae
804 1859 950 1926 habitum
971 1860 1021 1924 iri.
1067 1860 1127 1927 Cui
1148 1879 1210 1942 quo
1233 1861 1339 1946 magIs

186 1967 356 2051 credatur,
386 1967 589 2034 incredibiha
615 1967 727 2036 studet
752 1968 890 2050 probare
918 1968 1030 2034 dicens
1055 1963 1119 2054 λέγ’
1141 1962 1249 2036 οὕνεκ’
1270 1976 1340 2038 κτλ.

185 2093 250 2142 uss
276 2081 336 2142 783
356 2094 403 2156 sq.
446 2075 540 2142 Inter
569 2076 628 2142 hos
660 2075 826 2142 trimetros
858 2080 892 2142 et
924 2076 1026 2141 verba
1046 2069 1066 2162 ἢ
1088 2089 1158 2154 σοις
1181 2077 1277 2162 ἀραία
1299 2118 1343 2128 -

184 2179 314 2269 Ὀρέστα
342 2185 420 2270 (uss.
443 2191 505 2250 778
528 2187 612 2273 sqq.)
644 2184 871 2251 transItionem
900 2183 1068 2264 requirens
1100 2183 1343 2254 Heimsoetths

185 2291 283 2376 (Krit.
306 2292 399 2360 Stud.
422 2312 450 2374 p.
476 2292 532 2379 61)
554 2291 758 2358 scribendum
777 2307 850 2358 esse
872 2294 984 2357 censet

339 2395 409 2486 τάχ’
428 2390 489 2466 οὖν
512 2395 539 2466 σ’
560 2395 676 2486 ἔροιτ’
697 2395 753 2482 ἄν,
776 2402 859 2476 πῶς
880 2393 1052 2477 ἄπυστος
1073 2393 1240 2486 φ’χόμην,

185 2525 270 2586 qnae
290 2507 439 2590 mutatio,
462 2526 655 2588 quamquam
675 2525 804 2574 sensum
822 2506 960 2590 praebet
981 2506 1064 2572 satis
1085 2513 1208 2590 aptum,
1234 2513 1344 2577 tamen

185 2620 320 2697 propter
341 2615 531 2684 violentIam
552 2615 754 2698 comprobari
781 2634 846 2682 non
869 2618 995 2698 potest;
1018 2616 1227 2701 probabilius,
1258 2621 1342 2700 qnod

186 2723 230 2788 ad
251 2725 444 2805 scripturam
462 2723 758 2806 attinet'coniecit
781 2723 919 2790 Weilius

339 2825 410 2917 τάχ’
430 2821 491 2898 οὖν
507 2830 645 2918 ἐρωτῶν
666 2828 694 2898 o'
713 2832 757 2910 εἰς
775 2826 885 2898 ἄπιστ’
906 2827 1092 2916 ἀφίξεται.

188 2939 322 3008 Minime
347 2942 503 3024 probatur
534 2941 581 3023 id,
616 2942 701 3022 quod
731 2942 935 3011 commendat
964 2941 1152 3008 Badhamns
1193 2937 1264 3028 τάχ’
1282 2932 1343 3010 οὖν

189 3047 298 3115 ἐπῶν
330 3045 448 3116 τῶνδ’
480 3049 525 3127 εἰς
556 3043 585 3116 α’.
617 3043 648 3116 α’.
689 3055 724 3116 et
754 3049 907 3116 Klotzius
931 3042 1001 3134 τάχ’
1024 3037 1085 3115 οὖν
1106 3044 1203 3136 ἐγῷδ’
1232 3043 1279 3128 ὡς
1297 3051 1342 3128 εἰς

189 3151 246 3224 ἀπ.
264 3151 321 3240 α’φ.
366 3156 434 3223 Alii
455 3157 521 3222 rati
541 3158 744 3224 sacerdotem
765 3158 807 3225 ad
821 3158 956 3244 πέραινε
977 3157 1172 3239 respondere
1191 3159 1341 3227 eandem-

190 3285 252 3348 que
273 3267 315 3332 ad
330 3265 543 3348 incredibilia,
576 3253 659 3347 quae
672 3267 784 3334 statim
799 3270 987 3350 sequnntur,
1009 3265 1134 3332 animos
1146 3267 1232 3334 uelle
1250 3285 1342 3350 prac-

188 3392 316 3458 parare,
335 3378 533 3456 proponunt:

233 3483 461 3550 Sthenkclius:
484 3473 554 3568 τάχ’
576 3471 635 3549 οὖν
654 3477 890 3568 περαίνουᾶ
917 3483 962 3560 εἰς
981 3476 1088 3548 ἄπιστ’
1105 3477 1260 3569 ἀφίξομαι

283 3591 461 3658 Seidlerus:
484 3584 553 3677 τάχ’
575 3580 636 3657 οὖν
658 3589 757 3678 ἐρῶ·
775 3593 859 3658 τῶν
880 3587 909 3657 δ’
929 3591 975 3669 εἰς
1026 3641 1044 3675 ,,
1171 3639 1190 3674 ,,

306 3699 460 3767 Kvicalffl
507 3749 526 3783 ιι
592 3751 612 3783 ιι
700 3750 719 3785 ιι
750 3711 863 3779 ’τοῖς
940 3750 961 3782 ιι
1027 3749 1046 3783 ιι
1171 3749 1192 3782 ιι

244 3809 469 3893 ΒῑῙῙθΠῙΒῘῙν
514 3857 534 3892 ιι
599 3859 618 3892 ιι
706 3859 725 3892 ιι
756 3803 913 3886 'affige'
945 3859 964 3892 ιι
1033 3858 1051 3890 ιι
1178 3857 1197 3891 ιι
1276 3831 1282 3888 3

346 3968 366 4002 „
419 3925 460 4001 2.,
505 3967 524 4002 „
591 3967 611 4000 „
700 3967 720 4001 „
750 3911 911 3995 ’πῶςᾶ
928 3907 1211 3998 εἰςτᾶπιστ’ἄφ;

347 4077 366 4110 ιι
423 4032 463 4110 3ο
509 4077 528 4110 ιι
595 4076 614 4109 ιι
702 4075 721 4108 ιι
780 4027 912 4128 πᾶνί

347 4180 366 4214 ιι
422 4135 463 4214 4ο
510 4180 528 4212 ιι
595 4181 613 4213 ιι
701 4179 721 4212 ιι
781 4123 912 4230 πάντ’,

296 4257 343 4322 At
355 4260 530 4336 utcumque
541 4273 656 4323 versus
669 4254 725 4322 ille
740 4254 941 4336 emendatur,
954 4251 987 4318 In
1006 4251 1067 4318 hoc
1081 4267 1205 4316 conexu
1225 4267 1286 4317 non
1304 4267 1352 4315 so-

194 4362 258 4430 lum
278 4363 406 4430 minime
428 4363 647 4444 necessarius,
677 4363 909 4430 verumetiam
932 4359 1013 4428 satis
1035 4359 1190 4426 molestus
1211 4358 1350 4427 videtur.

940 4094 985 4172 εἰς
1003 4087 1031 4158 ό’
1054 4085 1162 4158 ἄπιστ’
1182 4085 1241 4175 ἄφ.
