<?xml version="1.0" encoding="UTF-8"?>
<!DOCTYPE html PUBLIC "-//W3C//DTD XHTML 1.0 Transitional//EN"
    "http://www.w3.org/TR/xhtml1/DTD/xhtml1-transitional.dtd">
<html xmlns="http://www.w3.org/1999/xhtml" xml:lang="en" lang="en">
 <head>
  <title>
</title>
<meta http-equiv="Content-Type" content="text/html;charset=utf-8" />
  <meta name='ocr-system' content='tesseract 3.04.00' />
  <meta name='ocr-capabilities' content='ocr_page ocr_carea ocr_par ocr_line ocrx_word'/>
</head>
<body>
  <div class='ocr_page' id='page_1' title='image "./deversibussuspe00schugoog_0029.png"; bbox 0 0 2994 4902; ppageno 0'>
   <div class='ocr_carea' id='block_1_1' title="bbox 619 315 833 376">
    <p class='ocr_par' dir='ltr' id='par_1_1' title="bbox 619 315 833 376">
     <span class='ocr_line' id='line_1_1' title="bbox 619 315 833 376; baseline 0 -16"><span class='ocrx_word' id='word_1_1' title='bbox 619 315 833 376; x_wconf 63' lang='lat'>..22-</span> 
     </span>
    </p>
   </div>
   <div class='ocr_carea' id='block_1_2' title="bbox 147 481 1352 2848">
    <p class='ocr_par' dir='ltr' id='par_1_2' title="bbox 147 481 1352 2848">
     <span class='ocr_line' id='line_1_2' title="bbox 152 481 1306 565; baseline 0 -15"><span class='ocrx_word' id='word_1_2' title='bbox 152 483 356 550; x_wconf 88' lang='lat' dir='ltr'>etHandium</span> <span class='ocrx_word' id='word_1_3' title='bbox 370 500 467 565; x_wconf 87' lang='lat' dir='ltr'>supra</span> <span class='ocrx_word' id='word_1_4' title='bbox 483 483 587 549; x_wconf 86' lang='lat' dir='ltr'>allata</span> <span class='ocrx_word' id='word_1_5' title='bbox 611 482 764 548; x_wconf 76' lang='lat' dir='ltr'>etiamen</span> <span class='ocrx_word' id='word_1_6' title='bbox 786 483 859 549; x_wconf 86' lang='lat' dir='ltr'>aliis</span> <span class='ocrx_word' id='word_1_7' title='bbox 880 481 1081 565; x_wconf 81' lang='lat' dir='ltr'>gravissimis</span> <span class='ocrx_word' id='word_1_8' title='bbox 1090 483 1129 550; x_wconf 79' lang='lat' dir='ltr'>G.</span> <span class='ocrx_word' id='word_1_9' title='bbox 1139 483 1306 550; x_wconf 91' lang='lat' dir='ltr'>Dindorfio</span> 
     </span>
     <span class='ocr_line' id='line_1_3' title="bbox 148 585 1307 678; baseline -0.003 -19"><span class='ocrx_word' id='word_1_10' title='bbox 148 613 212 660; x_wconf 91' lang='lat' dir='ltr'>nou</span> <span class='ocrx_word' id='word_1_11' title='bbox 242 593 487 675; x_wconf 82' lang='lat' dir='ltr'>adstipulamur.</span> <span class='ocrx_word' id='word_1_12' title='bbox 538 592 591 657; x_wconf 83' lang='lat' dir='ltr'>Ex</span> <span class='ocrx_word' id='word_1_13' title='bbox 622 591 731 660; x_wconf 86' lang='lat' dir='ltr'>verbis</span> <span class='ocrx_word' id='word_1_14' title='bbox 761 591 845 657; x_wconf 89' lang='lat' dir='ltr'>enim</span> <span class='ocrx_word' id='word_1_15' title='bbox 877 585 917 677; x_wconf 78' lang='grc' dir='ltr'>ἢν</span> <span class='ocrx_word' id='word_1_16' title='bbox 951 587 1165 678; x_wconf 78' lang='grc' dir='ltr'><em>δ’άνοίγοντες</em></span> <span class='ocrx_word' id='word_1_17' title='bbox 1198 587 1307 670; x_wconf 83' lang='grc' dir='ltr'><em>πύλας</em></span> 
     </span>
     <span class='ocr_line' id='line_1_4' title="bbox 148 690 1307 786; baseline 0.001 -23"><span class='ocrx_word' id='word_1_18' title='bbox 148 702 329 786; x_wconf 77' lang='grc' dir='ltr'>ληφθῶμεν</span> <span class='ocrx_word' id='word_1_19' title='bbox 358 694 514 778; x_wconf 87' lang='grc' dir='ltr'><em>εἰσβάσεις</em></span> <span class='ocrx_word' id='word_1_20' title='bbox 544 721 579 764; x_wconf 90' lang='grc' dir='ltr'>τε</span> <span class='ocrx_word' id='word_1_21' title='bbox 609 690 836 784; x_wconf 76' lang='grc' dir='ltr'><em>μηχανώμενοι</em></span> <span class='ocrx_word' id='word_1_22' title='bbox 868 693 1065 784; x_wconf 72' lang='grc' dir='ltr'><strong><em>θανούμεθα</em></strong></span> <span class='ocrx_word' id='word_1_23' title='bbox 1097 699 1307 766; x_wconf 81' lang='lat' dir='ltr'>manifestum</span> 
     </span>
     <span class='ocr_line' id='line_1_5' title="bbox 149 807 1306 890; baseline 0.002 -17"><span class='ocrx_word' id='word_1_24' title='bbox 149 813 217 889; x_wconf 87' lang='lat' dir='ltr'>est,</span> <span class='ocrx_word' id='word_1_25' title='bbox 242 807 409 890; x_wconf 77' lang='lat' dir='ltr'>Orestem,</span> <span class='ocrx_word' id='word_1_26' title='bbox 440 807 590 887; x_wconf 91' lang='lat' dir='ltr'>quoniam</span> <span class='ocrx_word' id='word_1_27' title='bbox 614 808 648 872; x_wconf 93' lang='lat' dir='ltr'>in</span> <span class='ocrx_word' id='word_1_28' title='bbox 678 807 802 873; x_wconf 87' lang='lat' dir='ltr'>foribus</span> <span class='ocrx_word' id='word_1_29' title='bbox 832 807 1015 890; x_wconf 86' lang='lat' dir='ltr'>aperiendis</span> <span class='ocrx_word' id='word_1_30' title='bbox 1037 809 1154 890; x_wconf 86' lang='lat' dir='ltr'>eapitis</span> <span class='ocrx_word' id='word_1_31' title='bbox 1180 807 1306 890; x_wconf 89' lang='lat' dir='ltr'>pericu-</span> 
     </span>
     <span class='ocr_line' id='line_1_6' title="bbox 147 915 1306 998; baseline 0.002 -17"><span class='ocrx_word' id='word_1_32' title='bbox 147 917 214 981; x_wconf 92' lang='lat' dir='ltr'>lum</span> <span class='ocrx_word' id='word_1_33' title='bbox 236 917 339 998; x_wconf 86' lang='lat' dir='ltr'>timet,</span> <span class='ocrx_word' id='word_1_34' title='bbox 363 920 490 996; x_wconf 86' lang='lat' dir='ltr'>portam</span> <span class='ocrx_word' id='word_1_35' title='bbox 505 915 619 996; x_wconf 90' lang='lat' dir='ltr'>templi</span> <span class='ocrx_word' id='word_1_36' title='bbox 634 915 824 996; x_wconf 74' lang='lat' dir='ltr'><strong>patefacere</strong></span> <span class='ocrx_word' id='word_1_37' title='bbox 844 921 943 982; x_wconf 85' lang='lat' dir='ltr'>antea</span> <span class='ocrx_word' id='word_1_38' title='bbox 962 917 1114 983; x_wconf 89' lang='lat' dir='ltr'>habuisse</span> <span class='ocrx_word' id='word_1_39' title='bbox 1135 917 1169 982; x_wconf 94' lang='lat' dir='ltr'>in</span> <span class='ocrx_word' id='word_1_40' title='bbox 1187 916 1306 984; x_wconf 87' lang='lat' dir='ltr'>animo.</span> 
     </span>
     <span class='ocr_line' id='line_1_7' title="bbox 149 1023 1308 1108; baseline 0.001 -19"><span class='ocrx_word' id='word_1_41' title='bbox 149 1024 253 1106; x_wconf 83' lang='lat' dir='ltr'>Quam</span> <span class='ocrx_word' id='word_1_42' title='bbox 288 1042 355 1089; x_wconf 91' lang='lat' dir='ltr'>rem</span> <span class='ocrx_word' id='word_1_43' title='bbox 391 1023 577 1088; x_wconf 89' lang='lat' dir='ltr'>Dindorfius</span> <span class='ocrx_word' id='word_1_44' title='bbox 616 1023 680 1088; x_wconf 86' lang='lat' dir='ltr'>etsi</span> <span class='ocrx_word' id='word_1_45' title='bbox 713 1043 776 1089; x_wconf 93' lang='lat' dir='ltr'>non</span> <span class='ocrx_word' id='word_1_46' title='bbox 812 1030 931 1108; x_wconf 82' lang='lat' dir='ltr'>negat,</span> <span class='ocrx_word' id='word_1_47' title='bbox 977 1029 1087 1090; x_wconf 90' lang='lat' dir='ltr'>tamen</span> <span class='ocrx_word' id='word_1_48' title='bbox 1125 1025 1308 1091; x_wconf 78' lang='lat' dir='ltr'>arbitratus</span> 
     </span>
     <span class='ocr_line' id='line_1_8' title="bbox 147 1124 1309 1220; baseline -0.002 -19"><span class='ocrx_word' id='word_1_49' title='bbox 147 1132 305 1201; x_wconf 86' lang='lat' dir='ltr'>vocabula</span> <span class='ocrx_word' id='word_1_50' title='bbox 332 1124 497 1218; x_wconf 78' lang='grc' dir='ltr'><em>(πότερα)</em></span> <span class='ocrx_word' id='word_1_51' title='bbox 532 1128 696 1217; x_wconf 77' lang='grc' dir='ltr'><em>δωμάτων</em></span> <span class='ocrx_word' id='word_1_52' title='bbox 730 1125 970 1218; x_wconf 79' lang='grc' dir='ltr'><em>προσαμβάσεις</em></span> <span class='ocrx_word' id='word_1_53' title='bbox 1000 1128 1240 1220; x_wconf 71' lang='grc' dir='ltr'><em>ἐκβησόμεσθα,</em></span> <span class='ocrx_word' id='word_1_54' title='bbox 1279 1133 1309 1199; x_wconf 86' lang='lat' dir='ltr'>si</span> 
     </span>
     <span class='ocr_line' id='line_1_9' title="bbox 147 1218 1306 1324; baseline 0.002 -18"><span class='ocrx_word' id='word_1_55' title='bbox 147 1239 344 1306; x_wconf 89' lang='lat' dir='ltr'>sententiam</span> <span class='ocrx_word' id='word_1_56' title='bbox 366 1240 536 1322; x_wconf 88' lang='lat' dir='ltr'>respicias,</span> <span class='ocrx_word' id='word_1_57' title='bbox 567 1241 704 1306; x_wconf 87' lang='lat' dir='ltr'>eandem</span> <span class='ocrx_word' id='word_1_58' title='bbox 733 1218 917 1324; x_wconf 81' lang='lat' dir='ltr'>significare</span> <span class='ocrx_word' id='word_1_59' title='bbox 945 1261 1013 1307; x_wconf 91' lang='lat' dir='ltr'>rem</span> <span class='ocrx_word' id='word_1_60' title='bbox 1042 1261 1081 1306; x_wconf 85' lang='lat' dir='ltr'>ac</span> <span class='ocrx_word' id='word_1_61' title='bbox 1111 1259 1241 1307; x_wconf 88' lang='lat' dir='ltr'>versum</span> <span class='ocrx_word' id='word_1_62' title='bbox 1264 1247 1306 1308; x_wconf 90' lang='grc'>99</span> 
     </span>
     <span class='ocr_line' id='line_1_10' title="bbox 147 1345 1306 1438; baseline -0.001 -22"><span class='ocrx_word' id='word_1_63' title='bbox 147 1345 203 1438; x_wconf 72' lang='grc' dir='ltr'>(ἦ)</span> <span class='ocrx_word' id='word_1_64' title='bbox 223 1345 446 1436; x_wconf 75' lang='grc' dir='ltr'><em>χαλκότευκτα</em></span> <span class='ocrx_word' id='word_1_65' title='bbox 466 1355 596 1436; x_wconf 71' lang='grc' dir='ltr'><em>κλῇθρα</em></span> <span class='ocrx_word' id='word_1_66' title='bbox 617 1346 773 1429; x_wconf 81' lang='grc' dir='ltr'><em>λύσαντες</em></span> <span class='ocrx_word' id='word_1_67' title='bbox 792 1357 925 1438; x_wconf 77' lang='grc' dir='ltr'><em>μοχλοῖς</em></span> <span class='ocrx_word' id='word_1_68' title='bbox 954 1352 1063 1418; x_wconf 86' lang='lat' dir='ltr'>facere</span> <span class='ocrx_word' id='word_1_69' title='bbox 1091 1370 1156 1417; x_wconf 87' lang='lat' dir='ltr'>non</span> <span class='ocrx_word' id='word_1_70' title='bbox 1184 1354 1306 1433; x_wconf 86' lang='lat' dir='ltr'>potest,</span> 
     </span>
     <span class='ocr_line' id='line_1_11' title="bbox 148 1447 1352 1546; baseline -0.001 -21"><span class='ocrx_word' id='word_1_71' title='bbox 148 1460 224 1540; x_wconf 92' lang='lat' dir='ltr'>quin</span> <span class='ocrx_word' id='word_1_72' title='bbox 258 1461 318 1526; x_wconf 88' lang='lat' dir='ltr'>hoo</span> <span class='ocrx_word' id='word_1_73' title='bbox 357 1459 483 1525; x_wconf 88' lang='lat' dir='ltr'>senario</span> <span class='ocrx_word' id='word_1_74' title='bbox 520 1463 680 1540; x_wconf 87' lang='lat' dir='ltr'>expuncto</span> <span class='ocrx_word' id='word_1_75' title='bbox 715 1479 778 1526; x_wconf 85' lang='lat' dir='ltr'>vss</span> <span class='ocrx_word' id='word_1_76' title='bbox 820 1467 878 1526; x_wconf 84' lang='lat' dir='ltr'>loo</span> <span class='ocrx_word' id='word_1_77' title='bbox 911 1480 956 1540; x_wconf 89' lang='lat' dir='ltr'>sq.</span> <span class='ocrx_word' id='word_1_78' title='bbox 993 1454 1034 1546; x_wconf 81' lang='grc' dir='ltr'>ἢν</span> <span class='ocrx_word' id='word_1_79' title='bbox 1065 1455 1094 1524; x_wconf 84' lang='lat' dir='ltr'>d&#39;</span> <span class='ocrx_word' id='word_1_80' title='bbox 1117 1454 1309 1545; x_wconf 74' lang='grc' dir='ltr'><em>ἀνοίγοντες</em></span> <span class='ocrx_word' id='word_1_81' title='bbox 1349 1447 1352 1452; x_wconf 71' lang='grc'><strong>’</strong></span> 
     </span>
     <span class='ocr_line' id='line_1_12' title="bbox 147 1561 1308 1653; baseline -0.003 -19"><span class='ocrx_word' id='word_1_82' title='bbox 147 1563 254 1645; x_wconf 88' lang='grc' dir='ltr'><em>πύλας</em></span> <span class='ocrx_word' id='word_1_83' title='bbox 281 1618 288 1631; x_wconf 95' lang='grc'><strong><em>.</em></strong></span> <span class='ocrx_word' id='word_1_84' title='bbox 315 1621 320 1632; x_wconf 96' lang='grc'><strong>.</strong></span> <span class='ocrx_word' id='word_1_85' title='bbox 347 1623 353 1636; x_wconf 94' lang='grc'><em>.</em></span> <span class='ocrx_word' id='word_1_86' title='bbox 380 1623 386 1635; x_wconf 90' lang='grc'><strong>.</strong></span> <span class='ocrx_word' id='word_1_87' title='bbox 421 1562 647 1653; x_wconf 78' lang='grc' dir='ltr'><em>μηχανώμενοι</em></span> <span class='ocrx_word' id='word_1_88' title='bbox 687 1567 729 1633; x_wconf 85' lang='lat' dir='ltr'>ad</span> <span class='ocrx_word' id='word_1_89' title='bbox 764 1570 939 1634; x_wconf 84' lang='lat' dir='ltr'>membrum</span> <span class='ocrx_word' id='word_1_90' title='bbox 978 1562 1102 1653; x_wconf 86' lang='grc' dir='ltr'><em>πότερα</em></span> <span class='ocrx_word' id='word_1_91' title='bbox 1140 1561 1308 1652; x_wconf 80' lang='grc' dir='ltr'><em>δωμάτων</em></span> 
     </span>
     <span class='ocr_line' id='line_1_13' title="bbox 147 1666 1310 1760; baseline 0.002 -20"><span class='ocrx_word' id='word_1_92' title='bbox 147 1666 386 1760; x_wconf 75' lang='grc' dir='ltr'><em>προσαμβάσεις</em></span> <span class='ocrx_word' id='word_1_93' title='bbox 418 1669 644 1760; x_wconf 73' lang='grc' dir='ltr'><em>ἐκβησόμεσθα</em></span> <span class='ocrx_word' id='word_1_94' title='bbox 674 1675 808 1741; x_wconf 81' lang='lat' dir='ltr'>referat.</span> <span class='ocrx_word' id='word_1_95' title='bbox 860 1677 906 1741; x_wconf 88' lang='lat' dir='ltr'>At</span> <span class='ocrx_word' id='word_1_96' title='bbox 944 1675 1099 1742; x_wconf 87' lang='lat' dir='ltr'>audacius</span> <span class='ocrx_word' id='word_1_97' title='bbox 1138 1677 1310 1742; x_wconf 79' lang='lat' dir='ltr'>contendit</span> 
     </span>
     <span class='ocr_line' id='line_1_14' title="bbox 147 1783 1308 1866; baseline 0.002 -18"><span class='ocrx_word' id='word_1_98' title='bbox 147 1783 238 1848; x_wconf 84' lang='lat' dir='ltr'><strong>aedis</strong></span> <span class='ocrx_word' id='word_1_99' title='bbox 262 1783 385 1866; x_wconf 86' lang='lat' dir='ltr'>gradus</span> <span class='ocrx_word' id='word_1_100' title='bbox 412 1783 589 1849; x_wconf 86' lang='lat' dir='ltr'>ascendere</span> <span class='ocrx_word' id='word_1_101' title='bbox 610 1783 695 1849; x_wconf 87' lang='lat' dir='ltr'>idem</span> <span class='ocrx_word' id='word_1_102' title='bbox 718 1801 789 1850; x_wconf 88' lang='lat' dir='ltr'>esse</span> <span class='ocrx_word' id='word_1_103' title='bbox 810 1804 849 1850; x_wconf 91' lang='lat' dir='ltr'>ac</span> <span class='ocrx_word' id='word_1_104' title='bbox 870 1786 1016 1850; x_wconf 86' lang='lat' dir='ltr'>claustra</span> <span class='ocrx_word' id='word_1_105' title='bbox 1038 1803 1136 1851; x_wconf 87' lang='lat' dir='ltr'>aerea</span> <span class='ocrx_word' id='word_1_106' title='bbox 1157 1785 1308 1851; x_wconf 84' lang='lat' dir='ltr'>vectibus</span> 
     </span>
     <span class='ocr_line' id='line_1_15' title="bbox 147 1884 1308 1978; baseline 0 -21"><span class='ocrx_word' id='word_1_107' title='bbox 147 1891 284 1974; x_wconf 84' lang='lat' dir='ltr'>aperire.</span> <span class='ocrx_word' id='word_1_108' title='bbox 328 1890 406 1956; x_wconf 89' lang='lat' dir='ltr'>Ideo</span> <span class='ocrx_word' id='word_1_109' title='bbox 427 1909 524 1957; x_wconf 86' lang='lat' dir='ltr'>voces</span> <span class='ocrx_word' id='word_1_110' title='bbox 545 1884 585 1978; x_wconf 75' lang='grc' dir='ltr'>ἢν</span> <span class='ocrx_word' id='word_1_111' title='bbox 606 1886 634 1955; x_wconf 83' lang='lat' dir='ltr'>d’</span> <span class='ocrx_word' id='word_1_112' title='bbox 660 1887 847 1977; x_wconf 84' lang='grc' dir='ltr'><em>άνσὶχοντες</em></span> <span class='ocrx_word' id='word_1_113' title='bbox 869 1887 976 1972; x_wconf 80' lang='grc' dir='ltr'><em>πύλας</em></span> <span class='ocrx_word' id='word_1_114' title='bbox 1002 1894 1044 1958; x_wconf 82' lang='lat' dir='ltr'>ad</span> <span class='ocrx_word' id='word_1_115' title='bbox 1071 1893 1152 1960; x_wconf 84' lang='lat' dir='ltr'>illud</span> <span class='ocrx_word' id='word_1_116' title='bbox 1179 1888 1308 1978; x_wconf 86' lang='grc' dir='ltr'><em>πότερα</em></span> 
     </span>
     <span class='ocr_line' id='line_1_16' title="bbox 149 1982 1310 2088; baseline 0.001 -23"><span class='ocrx_word' id='word_1_117' title='bbox 149 2001 243 2085; x_wconf 83' lang='grc' dir='ltr'><em>δωμ.</em></span> <span class='ocrx_word' id='word_1_118' title='bbox 275 2017 371 2086; x_wconf 89' lang='grc' dir='ltr'><em>προσ.</em></span> <span class='ocrx_word' id='word_1_119' title='bbox 399 1997 483 2082; x_wconf 80' lang='grc' dir='ltr'><em>ἐκβ,</em></span> <span class='ocrx_word' id='word_1_120' title='bbox 514 2000 706 2082; x_wconf 84' lang='lat' dir='ltr'>praesertim</span> <span class='ocrx_word' id='word_1_121' title='bbox 735 2018 807 2066; x_wconf 81' lang='lat' dir='ltr'>eum</span> <span class='ocrx_word' id='word_1_122' title='bbox 837 1982 1037 2088; x_wconf 77' lang='grc' dir='ltr'><em>κλιμάκων</em></span> <span class='ocrx_word' id='word_1_123' title='bbox 1066 1996 1310 2088; x_wconf 86' lang='grc' dir='ltr'><em>προσαμβάσεις</em></span> 
     </span>
     <span class='ocr_line' id='line_1_17' title="bbox 149 2109 1309 2192; baseline 0.003 -17"><span class='ocrx_word' id='word_1_124' title='bbox 149 2109 353 2175; x_wconf 89' lang='lat' dir='ltr'>scribendum</span> <span class='ocrx_word' id='word_1_125' title='bbox 381 2109 441 2190; x_wconf 91' lang='lat' dir='ltr'>sit,</span> <span class='ocrx_word' id='word_1_126' title='bbox 476 2112 626 2190; x_wconf 89' lang='lat' dir='ltr'>spectare</span> <span class='ocrx_word' id='word_1_127' title='bbox 651 2127 715 2174; x_wconf 92' lang='lat' dir='ltr'>non</span> <span class='ocrx_word' id='word_1_128' title='bbox 745 2115 898 2192; x_wconf 74' lang='lat' dir='ltr'>possunt,</span> <span class='ocrx_word' id='word_1_129' title='bbox 928 2110 1095 2192; x_wconf 85' lang='lat' dir='ltr'>pertinent</span> <span class='ocrx_word' id='word_1_130' title='bbox 1122 2115 1232 2177; x_wconf 89' lang='lat' dir='ltr'>autem</span> <span class='ocrx_word' id='word_1_131' title='bbox 1254 2111 1309 2179; x_wconf 88' lang='lat' dir='ltr'>ad.</span> 
     </span>
     <span class='ocr_line' id='line_1_18' title="bbox 150 2209 1311 2300; baseline 0.001 -15"><span class='ocrx_word' id='word_1_132' title='bbox 150 2237 196 2285; x_wconf 89' lang='lat' dir='ltr'>vs.</span> <span class='ocrx_word' id='word_1_133' title='bbox 231 2225 279 2284; x_wconf 88' lang='grc'>99.</span> <span class='ocrx_word' id='word_1_134' title='bbox 324 2219 374 2283; x_wconf 87' lang='lat' dir='ltr'>Ac</span> <span class='ocrx_word' id='word_1_135' title='bbox 410 2236 481 2282; x_wconf 89' lang='lat' dir='ltr'>cum</span> <span class='ocrx_word' id='word_1_136' title='bbox 515 2218 678 2300; x_wconf 87' lang='lat' dir='ltr'>particula</span> <span class='ocrx_word' id='word_1_137' title='bbox 709 2209 747 2284; x_wconf 82' lang='grc' dir='ltr'>’τε</span> <span class='ocrx_word' id='word_1_138' title='bbox 786 2220 885 2284; x_wconf 84' lang='lat' dir='ltr'>etiam</span> <span class='ocrx_word' id='word_1_139' title='bbox 921 2219 1151 2286; x_wconf 91' lang='lat' dir='ltr'>disiunctivam</span> <span class='ocrx_word' id='word_1_140' title='bbox 1185 2219 1311 2286; x_wconf 89' lang='lat' dir='ltr'>habeat</span> 
     </span>
     <span class='ocr_line' id='line_1_19' title="bbox 150 2324 1309 2416; baseline 0 -22"><span class='ocrx_word' id='word_1_141' title='bbox 150 2327 421 2411; x_wconf 82' lang='lat' dir='ltr'>significationem</span> <span class='ocrx_word' id='word_1_142' title='bbox 435 2324 521 2410; x_wconf 86' lang='lat' dir='ltr'>(Hel.</span> <span class='ocrx_word' id='word_1_143' title='bbox 537 2333 608 2393; x_wconf 77' lang='lat'><strong>321.</strong></span> <span class='ocrx_word' id='word_1_144' title='bbox 620 2325 716 2408; x_wconf 80' lang='lat' dir='ltr'>Soph.</span> <span class='ocrx_word' id='word_1_145' title='bbox 726 2327 887 2393; x_wconf 86' lang='lat' dir='ltr'>OedKol.</span> <span class='ocrx_word' id='word_1_146' title='bbox 902 2333 972 2393; x_wconf 83' lang='grc'>390.</span> <span class='ocrx_word' id='word_1_147' title='bbox 991 2329 1068 2396; x_wconf 85' lang='lat' dir='ltr'>Eur.</span> <span class='ocrx_word' id='word_1_148' title='bbox 1080 2329 1309 2416; x_wconf 82' lang='lat' dir='ltr'>Elect.1025),</span> 
     </span>
     <span class='ocr_line' id='line_1_20' title="bbox 149 2428 1310 2523; baseline 0 -21"><span class='ocrx_word' id='word_1_149' title='bbox 149 2436 230 2502; x_wconf 92' lang='lat' dir='ltr'>nihil</span> <span class='ocrx_word' id='word_1_150' title='bbox 257 2437 384 2517; x_wconf 86' lang='lat' dir='ltr'>obstat,</span> <span class='ocrx_word' id='word_1_151' title='bbox 420 2435 587 2516; x_wconf 82' lang='lat' dir='ltr'>quominus</span> <span class='ocrx_word' id='word_1_152' title='bbox 614 2437 773 2502; x_wconf 86' lang='lat' dir='ltr'>vocabula</span> <span class='ocrx_word' id='word_1_153' title='bbox 799 2428 955 2515; x_wconf 76' lang='grc' dir='ltr'><em>εἰοβύοεις</em></span> <span class='ocrx_word' id='word_1_154' title='bbox 982 2461 1016 2501; x_wconf 81' lang='grc' dir='ltr'>τε</span> <span class='ocrx_word' id='word_1_155' title='bbox 1038 2459 1152 2523; x_wconf 88' lang='grc' dir='ltr'><em>μηχαν.</em></span> <span class='ocrx_word' id='word_1_156' title='bbox 1183 2435 1225 2500; x_wconf 90' lang='lat' dir='ltr'>ad</span> <span class='ocrx_word' id='word_1_157' title='bbox 1248 2433 1310 2502; x_wconf 84' lang='grc' dir='ltr'>πό-</span> 
     </span>
     <span class='ocr_line' id='line_1_21' title="bbox 149 2537 1311 2631; baseline -0.001 -20"><span class='ocrx_word' id='word_1_158' title='bbox 149 2569 226 2631; x_wconf 88' lang='grc' dir='ltr'><em>τερα</em></span> <span class='ocrx_word' id='word_1_159' title='bbox 254 2537 383 2628; x_wconf 92' lang='grc' dir='ltr'><em>κλιμάκ.</em></span> <span class='ocrx_word' id='word_1_160' title='bbox 414 2546 575 2629; x_wconf 88' lang='grc' dir='ltr'><em>προσαμβ.</em></span> <span class='ocrx_word' id='word_1_161' title='bbox 605 2546 794 2610; x_wconf 84' lang='lat' dir='ltr'>rei&#39;eramus.</span> <span class='ocrx_word' id='word_1_162' title='bbox 848 2545 954 2610; x_wconf 83' lang='lat' dir='ltr'>Porro</span> <span class='ocrx_word' id='word_1_163' title='bbox 975 2544 1009 2610; x_wconf 90' lang='lat' dir='ltr'>in</span> <span class='ocrx_word' id='word_1_164' title='bbox 1038 2544 1200 2611; x_wconf 83' lang='lat' dir='ltr'>adiectivo</span> <span class='ocrx_word' id='word_1_165' title='bbox 1234 2549 1311 2628; x_wconf 83' lang='grc' dir='ltr'><em>χαλ·</em></span> 
     </span>
     <span class='ocr_line' id='line_1_22' title="bbox 149 2647 1311 2736; baseline -0.003 -16"><span class='ocrx_word' id='word_1_166' title='bbox 149 2648 310 2720; x_wconf 85' lang='grc' dir='ltr'><em>κότεοκτα</em></span> <span class='ocrx_word' id='word_1_167' title='bbox 338 2651 564 2717; x_wconf 86' lang='lat' dir='ltr'>offendendum</span> <span class='ocrx_word' id='word_1_168' title='bbox 588 2670 659 2717; x_wconf 87' lang='lat' dir='ltr'>esse</span> <span class='ocrx_word' id='word_1_169' title='bbox 680 2672 778 2736; x_wconf 83' lang='lat' dir='ltr'>nego,</span> <span class='ocrx_word' id='word_1_170' title='bbox 804 2654 1060 2734; x_wconf 83' lang='lat' dir='ltr'>quandoquidem</span> <span class='ocrx_word' id='word_1_171' title='bbox 1088 2654 1191 2718; x_wconf 90' lang='lat' dir='ltr'>multa</span> <span class='ocrx_word' id='word_1_172' title='bbox 1218 2647 1311 2734; x_wconf 77' lang='grc' dir='ltr'><em>ἅπαξ</em></span> 
     </span>
     <span class='ocr_line' id='line_1_23' title="bbox 151 2755 1312 2848; baseline 0 -21"><span class='ocrx_word' id='word_1_173' title='bbox 151 2755 321 2848; x_wconf 78' lang='grc' dir='ltr'><em>λεγόμενα,</em></span> <span class='ocrx_word' id='word_1_174' title='bbox 350 2764 387 2825; x_wconf 91' lang='lat' dir='ltr'>ut</span> <span class='ocrx_word' id='word_1_175' title='bbox 417 2764 593 2842; x_wconf 84' lang='lat' dir='ltr'>vocantur,</span> <span class='ocrx_word' id='word_1_176' title='bbox 622 2763 708 2843; x_wconf 90' lang='lat' dir='ltr'>apud</span> <span class='ocrx_word' id='word_1_177' title='bbox 730 2765 845 2843; x_wconf 87' lang='lat' dir='ltr'>poetas</span> <span class='ocrx_word' id='word_1_178' title='bbox 868 2763 1073 2843; x_wconf 90' lang='lat' dir='ltr'>reperiuntur</span> <span class='ocrx_word' id='word_1_179' title='bbox 1095 2781 1155 2828; x_wconf 87' lang='lat' dir='ltr'>nec</span> <span class='ocrx_word' id='word_1_180' title='bbox 1177 2767 1312 2844; x_wconf 87' lang='lat' dir='ltr'>praeter</span> 
     </span>
    </p>
   </div>
   <div class='ocr_carea' id='block_1_3' title="bbox 43 2869 1307 2952">
    <p class='ocr_par' dir='ltr' id='par_1_3' title="bbox 43 2869 1307 2952">
     <span class='ocr_line' id='line_1_24' title="bbox 43 2869 1307 2952; baseline -0.005 -10"><span class='ocrx_word' id='word_1_181' title='bbox 43 2933 48 2942; x_wconf 94' lang='lat'>.</span> <span class='ocrx_word' id='word_1_182' title='bbox 150 2874 235 2937; x_wconf 81' lang='lat' dir='ltr'>lianc</span> <span class='ocrx_word' id='word_1_183' title='bbox 261 2871 366 2937; x_wconf 92' lang='lat' dir='ltr'>levem</span> <span class='ocrx_word' id='word_1_184' title='bbox 397 2887 528 2934; x_wconf 86' lang='lat' dir='ltr'>causam</span> <span class='ocrx_word' id='word_1_185' title='bbox 557 2869 624 2935; x_wconf 89' lang='lat' dir='ltr'>ulla</span> <span class='ocrx_word' id='word_1_186' title='bbox 646 2869 711 2934; x_wconf 87' lang='lat' dir='ltr'>alia</span> <span class='ocrx_word' id='word_1_187' title='bbox 734 2874 801 2952; x_wconf 88' lang='lat' dir='ltr'>est,</span> <span class='ocrx_word' id='word_1_188' title='bbox 824 2889 907 2950; x_wconf 84' lang='lat' dir='ltr'>quae</span> <span class='ocrx_word' id='word_1_189' title='bbox 929 2875 1060 2937; x_wconf 85' lang='lat' dir='ltr'>moueat</span> <span class='ocrx_word' id='word_1_190' title='bbox 1082 2870 1307 2952; x_wconf 91' lang='lat' dir='ltr'>suspicionem.</span> 
     </span>
    </p>
   </div>
   <div class='ocr_carea' id='block_1_4' title="bbox 150 2977 1311 4474">
    <p class='ocr_par' dir='ltr' id='par_1_4' title="bbox 150 2977 1308 3166">
     <span class='ocr_line' id='line_1_25' title="bbox 151 2977 1308 3063; baseline -0.001 -18"><span class='ocrx_word' id='word_1_191' title='bbox 151 2979 275 3063; x_wconf 79' lang='lat' dir='ltr'>Quibus</span> <span class='ocrx_word' id='word_1_192' title='bbox 311 2997 351 3043; x_wconf 83' lang='lat' dir='ltr'>ex</span> <span class='ocrx_word' id='word_1_193' title='bbox 386 2978 483 3042; x_wconf 88' lang='lat' dir='ltr'>rebus</span> <span class='ocrx_word' id='word_1_194' title='bbox 512 2977 656 3044; x_wconf 90' lang='lat' dir='ltr'>breviter</span> <span class='ocrx_word' id='word_1_195' title='bbox 691 2979 867 3060; x_wconf 90' lang='lat' dir='ltr'>disputatis</span> <span class='ocrx_word' id='word_1_196' title='bbox 896 2983 1007 3060; x_wconf 90' lang='lat' dir='ltr'>potest</span> <span class='ocrx_word' id='word_1_197' title='bbox 1034 2978 1115 3045; x_wconf 86' lang='lat' dir='ltr'>satis</span> <span class='ocrx_word' id='word_1_198' title='bbox 1146 2979 1308 3063; x_wconf 83' lang='lat' dir='ltr'>intellegi,</span> 
     </span>
     <span class='ocr_line' id='line_1_26' title="bbox 150 3086 1011 3166; baseline -0.001 -11"><span class='ocrx_word' id='word_1_199' title='bbox 150 3107 278 3156; x_wconf 90' lang='lat' dir='ltr'>versum</span> <span class='ocrx_word' id='word_1_200' title='bbox 304 3093 344 3152; x_wconf 84' lang='grc'>99</span> <span class='ocrx_word' id='word_1_201' title='bbox 365 3086 594 3166; x_wconf 83' lang='lat' dir='ltr'>interpolatori</span> <span class='ocrx_word' id='word_1_202' title='bbox 616 3105 679 3152; x_wconf 92' lang='lat' dir='ltr'>non</span> <span class='ocrx_word' id='word_1_203' title='bbox 703 3106 774 3152; x_wconf 88' lang='lat' dir='ltr'>esse</span> <span class='ocrx_word' id='word_1_204' title='bbox 796 3087 1011 3154; x_wconf 90' lang='lat' dir='ltr'>tribuendum.</span> 
     </span>
    </p>

    <p class='ocr_par' dir='ltr' id='par_1_5' title="bbox 254 3192 1193 3277">
     <span class='ocr_line' id='line_1_27' title="bbox 254 3192 1193 3277; baseline -0.002 -17"><span class='ocrx_word' id='word_1_205' title='bbox 254 3192 417 3276; x_wconf 83' lang='lat' dir='ltr'>Sequitur,</span> <span class='ocrx_word' id='word_1_206' title='bbox 436 3199 473 3259; x_wconf 92' lang='lat' dir='ltr'>ut</span> <span class='ocrx_word' id='word_1_207' title='bbox 494 3194 699 3277; x_wconf 88' lang='lat' dir='ltr'>disseramus,</span> <span class='ocrx_word' id='word_1_208' title='bbox 724 3197 878 3276; x_wconf 90' lang='lat' dir='ltr'>quomodo</span> <span class='ocrx_word' id='word_1_209' title='bbox 901 3195 1120 3262; x_wconf 88' lang='lat' dir='ltr'>emendandus</span> <span class='ocrx_word' id='word_1_210' title='bbox 1140 3194 1193 3260; x_wconf 91' lang='lat' dir='ltr'>sit.</span> 
     </span>
    </p>

    <p class='ocr_par' dir='ltr' id='par_1_6' title="bbox 150 3302 1311 4474">
     <span class='ocr_line' id='line_1_28' title="bbox 253 3302 1308 3390; baseline 0.001 -21"><span class='ocrx_word' id='word_1_211' title='bbox 253 3303 494 3370; x_wconf 84' lang='lat' dir='ltr'>Wilamovitzio</span> <span class='ocrx_word' id='word_1_212' title='bbox 519 3310 653 3368; x_wconf 80' lang='lat' dir='ltr'>ariolore</span> <span class='ocrx_word' id='word_1_213' title='bbox 681 3305 809 3370; x_wconf 91' lang='lat' dir='ltr'>codices</span> <span class='ocrx_word' id='word_1_214' title='bbox 830 3304 857 3368; x_wconf 92' lang='lat' dir='ltr'>P</span> <span class='ocrx_word' id='word_1_215' title='bbox 885 3304 983 3390; x_wconf 82' lang='lat' dir='ltr'>(apud</span> <span class='ocrx_word' id='word_1_216' title='bbox 1005 3302 1240 3369; x_wconf 88' lang='lat' dir='ltr'>Kirchhoifium</span> <span class='ocrx_word' id='word_1_217' title='bbox 1267 3303 1308 3386; x_wconf 87' lang='lat' dir='ltr'>B)</span> 
     </span>
     <span class='ocr_line' id='line_1_29' title="bbox 151 3404 1309 3497; baseline -0.002 -20"><span class='ocrx_word' id='word_1_218' title='bbox 151 3415 186 3477; x_wconf 91' lang='lat' dir='ltr'>et</span> <span class='ocrx_word' id='word_1_219' title='bbox 208 3411 232 3476; x_wconf 80' lang='lat' dir='ltr'>C</span> <span class='ocrx_word' id='word_1_220' title='bbox 255 3429 313 3493; x_wconf 94' lang='lat' dir='ltr'>pro</span> <span class='ocrx_word' id='word_1_221' title='bbox 332 3404 497 3496; x_wconf 74' lang='grc' dir='ltr'><em>μάθοιμεν</em></span> <span class='ocrx_word' id='word_1_222' title='bbox 520 3411 674 3476; x_wconf 82' lang='lat' dir='ltr'>exhibent</span> <span class='ocrx_word' id='word_1_223' title='bbox 693 3405 861 3497; x_wconf 75' lang='grc' dir='ltr'><em>λάθοιμεν,</em></span> <span class='ocrx_word' id='word_1_224' title='bbox 885 3411 969 3491; x_wconf 90' lang='lat' dir='ltr'>quod</span> <span class='ocrx_word' id='word_1_225' title='bbox 990 3411 1055 3476; x_wconf 90' lang='lat' dir='ltr'>iam</span> <span class='ocrx_word' id='word_1_226' title='bbox 1067 3409 1220 3476; x_wconf 88' lang='lat' dir='ltr'>Reiskius</span> <span class='ocrx_word' id='word_1_227' title='bbox 1234 3428 1309 3475; x_wconf 92' lang='lat' dir='ltr'>con-</span> 
     </span>
     <span class='ocr_line' id='line_1_30' title="bbox 150 3518 1310 3602; baseline 0 -17"><span class='ocrx_word' id='word_1_228' title='bbox 150 3520 283 3586; x_wconf 86' lang='lat' dir='ltr'>iecerat.</span> <span class='ocrx_word' id='word_1_229' title='bbox 340 3518 437 3584; x_wconf 90' lang='lat' dir='ltr'>Hanc</span> <span class='ocrx_word' id='word_1_230' title='bbox 477 3518 688 3602; x_wconf 80' lang='lat' dir='ltr'>scripturam,</span> <span class='ocrx_word' id='word_1_231' title='bbox 727 3537 822 3600; x_wconf 87' lang='lat' dir='ltr'>quam</span> <span class='ocrx_word' id='word_1_232' title='bbox 857 3520 1070 3586; x_wconf 85' lang='lat' dir='ltr'>Marklandus</span> <span class='ocrx_word' id='word_1_233' title='bbox 1105 3519 1310 3586; x_wconf 87' lang='lat' dir='ltr'>Matthiaeus</span> 
     </span>
     <span class='ocr_line' id='line_1_31' title="bbox 151 3627 1310 3712; baseline 0.001 -18"><span class='ocrx_word' id='word_1_234' title='bbox 151 3627 373 3694; x_wconf 86' lang='lat' dir='ltr'>Kirchhoffius</span> <span class='ocrx_word' id='word_1_235' title='bbox 394 3627 561 3693; x_wconf 88' lang='lat' dir='ltr'>Nauokius</span> <span class='ocrx_word' id='word_1_236' title='bbox 582 3627 745 3710; x_wconf 83' lang='lat' dir='ltr'>Bergkius</span> <span class='ocrx_word' id='word_1_237' title='bbox 760 3627 899 3694; x_wconf 89' lang='lat' dir='ltr'>Weilius</span> <span class='ocrx_word' id='word_1_238' title='bbox 918 3631 1137 3712; x_wconf 88' lang='lat' dir='ltr'>comprobant,</span> <span class='ocrx_word' id='word_1_239' title='bbox 1161 3628 1310 3695; x_wconf 85' lang='lat' dir='ltr'>defendit</span> 
     </span>
     <span class='ocr_line' id='line_1_32' title="bbox 152 3737 1309 3820; baseline 0.001 -18"><span class='ocrx_word' id='word_1_240' title='bbox 152 3737 429 3804; x_wconf 88' lang='lat' dir='ltr'>Matthiaeusita:</span> <span class='ocrx_word' id='word_1_241' title='bbox 456 3756 571 3820; x_wconf 87' lang='lat' dir='ltr'>„quum</span> <span class='ocrx_word' id='word_1_242' title='bbox 595 3737 724 3819; x_wconf 89' lang='lat' dir='ltr'>duplex,</span> <span class='ocrx_word' id='word_1_243' title='bbox 740 3737 953 3816; x_wconf 68' lang='lat' dir='ltr'>inumbratio</span> <span class='ocrx_word' id='word_1_244' title='bbox 977 3737 1009 3802; x_wconf 94' lang='lat' dir='ltr'>in</span> <span class='ocrx_word' id='word_1_245' title='bbox 1031 3738 1185 3819; x_wconf 91' lang='lat' dir='ltr'>templum</span> <span class='ocrx_word' id='word_1_246' title='bbox 1208 3737 1309 3803; x_wconf 89' lang='lat' dir='ltr'>intro-</span> 
     </span>
     <span class='ocr_line' id='line_1_33' title="bbox 151 3845 1308 3930; baseline -0.001 -18"><span class='ocrx_word' id='word_1_247' title='bbox 151 3847 249 3912; x_wconf 89' lang='lat' dir='ltr'>eundi</span> <span class='ocrx_word' id='word_1_248' title='bbox 270 3847 436 3928; x_wconf 89' lang='lat' dir='ltr'>proposita</span> <span class='ocrx_word' id='word_1_249' title='bbox 458 3850 559 3929; x_wconf 88' lang='lat' dir='ltr'>esset,</span> <span class='ocrx_word' id='word_1_250' title='bbox 590 3848 698 3912; x_wconf 87' lang='lat' dir='ltr'>altera</span> <span class='ocrx_word' id='word_1_251' title='bbox 719 3846 752 3912; x_wconf 94' lang='lat' dir='ltr'>in</span> <span class='ocrx_word' id='word_1_252' title='bbox 776 3846 969 3912; x_wconf 85' lang='lat' dir='ltr'>scandendis</span> <span class='ocrx_word' id='word_1_253' title='bbox 990 3845 1170 3927; x_wconf 90' lang='lat' dir='ltr'>parietibus</span> <span class='ocrx_word' id='word_1_254' title='bbox 1191 3846 1308 3930; x_wconf 89' lang='lat' dir='ltr'>posita,</span> 
     </span>
     <span class='ocr_line' id='line_1_34' title="bbox 151 3952 1309 4052; baseline -0.002 -32"><span class='ocrx_word' id='word_1_255' title='bbox 151 3954 258 4020; x_wconf 88' lang='lat' dir='ltr'>altera</span> <span class='ocrx_word' id='word_1_256' title='bbox 280 3954 313 4020; x_wconf 92' lang='lat' dir='ltr'>in</span> <span class='ocrx_word' id='word_1_257' title='bbox 343 3954 496 4048; x_wconf 86' lang='lat' dir='ltr'>claustris</span> <span class='ocrx_word' id='word_1_258' title='bbox 521 3952 705 4036; x_wconf 88' lang='lat' dir='ltr'>aperiendis</span> <span class='ocrx_word' id='word_1_259' title='bbox 712 4005 721 4052; x_wconf 78' lang='lat'>,</span> <span class='ocrx_word' id='word_1_260' title='bbox 752 3954 795 4020; x_wconf 88' lang='lat' dir='ltr'>ad</span> <span class='ocrx_word' id='word_1_261' title='bbox 822 3959 992 4034; x_wconf 90' lang='lat' dir='ltr'>utramque</span> <span class='ocrx_word' id='word_1_262' title='bbox 1020 3954 1096 4019; x_wconf 88' lang='lat' dir='ltr'>addi</span> <span class='ocrx_word' id='word_1_263' title='bbox 1126 3953 1309 4037; x_wconf 89' lang='lat' dir='ltr'>oportebat,</span> 
     </span>
     <span class='ocr_line' id='line_1_35' title="bbox 151 4062 1311 4144; baseline 0 -16"><span class='ocrx_word' id='word_1_264' title='bbox 151 4081 209 4128; x_wconf 89' lang='lat' dir='ltr'>cur</span> <span class='ocrx_word' id='word_1_265' title='bbox 239 4082 278 4128; x_wconf 84' lang='lat' dir='ltr'>ea</span> <span class='ocrx_word' id='word_1_266' title='bbox 306 4063 355 4128; x_wconf 93' lang='lat' dir='ltr'>uti</span> <span class='ocrx_word' id='word_1_267' title='bbox 381 4082 445 4128; x_wconf 93' lang='lat' dir='ltr'>non</span> <span class='ocrx_word' id='word_1_268' title='bbox 473 4064 598 4130; x_wconf 92' lang='lat' dir='ltr'>liceret.</span> <span class='ocrx_word' id='word_1_269' title='bbox 644 4063 808 4129; x_wconf 81' lang='lat' dir='ltr'>Scandere</span> <span class='ocrx_word' id='word_1_270' title='bbox 836 4081 943 4130; x_wconf 88' lang='lat' dir='ltr'>muros</span> <span class='ocrx_word' id='word_1_271' title='bbox 973 4082 1037 4127; x_wconf 93' lang='lat' dir='ltr'>non</span> <span class='ocrx_word' id='word_1_272' title='bbox 1065 4067 1218 4144; x_wconf 86' lang='lat' dir='ltr'>poterant</span> <span class='ocrx_word' id='word_1_273' title='bbox 1245 4062 1311 4128; x_wconf 91' lang='lat' dir='ltr'>nisi</span> 
     </span>
     <span class='ocr_line' id='line_1_36' title="bbox 152 4171 1310 4255; baseline 0.002 -19"><span class='ocrx_word' id='word_1_274' title='bbox 152 4171 253 4254; x_wconf 89' lang='lat' dir='ltr'>clam,</span> <span class='ocrx_word' id='word_1_275' title='bbox 279 4173 425 4238; x_wconf 88' lang='lat' dir='ltr'>omnibus</span> <span class='ocrx_word' id='word_1_276' title='bbox 445 4171 577 4238; x_wconf 89' lang='lat' dir='ltr'>arbitris</span> <span class='ocrx_word' id='word_1_277' title='bbox 600 4173 748 4238; x_wconf 90' lang='lat' dir='ltr'>remotis:</span> <span class='ocrx_word' id='word_1_278' title='bbox 774 4172 856 4252; x_wconf 88' lang='lat' dir='ltr'>quod</span> <span class='ocrx_word' id='word_1_279' title='bbox 879 4190 921 4236; x_wconf 91' lang='lat' dir='ltr'>an</span> <span class='ocrx_word' id='word_1_280' title='bbox 945 4171 1017 4237; x_wconf 89' lang='lat' dir='ltr'>fieri</span> <span class='ocrx_word' id='word_1_281' title='bbox 1038 4171 1155 4255; x_wconf 87' lang='lat' dir='ltr'>possit,</span> <span class='ocrx_word' id='word_1_282' title='bbox 1180 4171 1310 4238; x_wconf 87' lang='lat' dir='ltr'>dubitat</span> 
     </span>
     <span class='ocr_line' id='line_1_37' title="bbox 153 4279 1309 4362; baseline 0 -17"><span class='ocrx_word' id='word_1_283' title='bbox 153 4279 296 4346; x_wconf 84' lang='lat' dir='ltr'>Orestes</span> <span class='ocrx_word' id='word_1_284' title='bbox 341 4281 393 4346; x_wconf 88' lang='lat' dir='ltr'>Ad</span> <span class='ocrx_word' id='word_1_285' title='bbox 416 4281 561 4348; x_wconf 89' lang='lat' dir='ltr'>claustra</span> <span class='ocrx_word' id='word_1_286' title='bbox 584 4280 760 4362; x_wconf 90' lang='lat' dir='ltr'>aperienda</span> <span class='ocrx_word' id='word_1_287' title='bbox 780 4297 915 4347; x_wconf 88' lang='lat' dir='ltr'>necesse</span> <span class='ocrx_word' id='word_1_288' title='bbox 937 4284 1010 4347; x_wconf 90' lang='lat' dir='ltr'>erat</span> <span class='ocrx_word' id='word_1_289' title='bbox 1032 4280 1129 4362; x_wconf 90' lang='lat' dir='ltr'>scire,</span> <span class='ocrx_word' id='word_1_290' title='bbox 1153 4279 1309 4359; x_wconf 87' lang='lat' dir='ltr'>quomodo</span> 
     </span>
     <span class='ocr_line' id='line_1_38' title="bbox 150 4386 1309 4474; baseline -0.003 -19"><span class='ocrx_word' id='word_1_291' title='bbox 150 4388 209 4455; x_wconf 90' lang='lat' dir='ltr'>illa</span> <span class='ocrx_word' id='word_1_292' title='bbox 232 4388 453 4472; x_wconf 77' lang='lat' dir='ltr'>aperirentur3</span> <span class='ocrx_word' id='word_1_293' title='bbox 484 4389 568 4471; x_wconf 87' lang='lat' dir='ltr'>quod</span> <span class='ocrx_word' id='word_1_294' title='bbox 595 4407 658 4455; x_wconf 91' lang='lat' dir='ltr'>non</span> <span class='ocrx_word' id='word_1_295' title='bbox 686 4389 790 4474; x_wconf 84' lang='lat' dir='ltr'>magis</span> <span class='ocrx_word' id='word_1_296' title='bbox 819 4388 902 4456; x_wconf 90' lang='lat' dir='ltr'>scire</span> <span class='ocrx_word' id='word_1_297' title='bbox 932 4408 966 4456; x_wconf 91' lang='lat' dir='ltr'>se</span> <span class='ocrx_word' id='word_1_298' title='bbox 994 4390 1120 4457; x_wconf 90' lang='lat' dir='ltr'>fatetur</span> <span class='ocrx_word' id='word_1_299' title='bbox 1142 4386 1309 4454; x_wconf 85' lang='lat' dir='ltr'>Orestes“</span> 
     </span>
    </p>
   </div>
   <div class='ocr_carea' id='block_1_5' title="bbox 0 0 1507 4900">
    <p class='ocr_par' dir='ltr' id='par_1_7' title="bbox 0 0 1507 4900">
     <span class='ocr_line' id='line_1_39' title="bbox 0 0 1507 4900; baseline 0 0"><span class='ocrx_word' id='word_1_300' title='bbox 0 0 1507 4900; x_wconf 95' lang='lat' dir='ltr'> </span> 
     </span>
    </p>
   </div>
  </div>
 </body>
</html>
