2994 4902
685 305 752 359 vm

141 480 267 546 dustria
297 497 410 545 versus
438 484 496 542 aut
524 477 773 543 inculcabantur
802 481 860 542 aut
886 478 927 542 ad
955 461 1111 559 genuinos
1133 474 1294 540 adscribe-

140 590 269 671 bantur,
293 587 378 653 unde
400 603 507 652 errore
528 584 732 652 librariorum
759 585 792 650 in
814 589 931 667 poetae
954 586 1056 652 verba
1084 583 1294 665 irrepserunt.

243 739 337 804 Nunc
372 738 412 802 de
449 742 593 818 tempore
631 736 806 827 videamus
857 735 994 820 Quando
1030 734 1150 818 singuli
1182 750 1296 799 versus

141 846 212 912 nati
240 847 320 929 sint,
355 846 450 912 hodie
473 864 536 911 non
554 829 711 912 accurate
730 848 840 926 potest
863 844 1042 910 diiudicari.
1087 843 1151 909 Sed
1173 842 1206 907 in
1228 840 1296 907 uni·

140 974 270 1022 versum
308 958 454 1036 constat,
492 954 534 1019 ab
571 952 781 1020 histrionibus
808 971 923 1020 versus
958 971 1029 1018 esse
1058 952 1188 1017 additos
1219 958 1297 1016 ante

141 1063 222 1130 illud
254 1061 399 1146 Lycurgi
429 1061 672 1144 tragoediarum
701 1080 816 1143 corpus
847 1059 1030 1127 consectum
1062 1059 1298 1141 antiquioribus

143 1171 321 1237 studiorum
341 1171 635 1238 Alexandrinorum
658 1171 870 1253 temporibus,
895 1171 952 1256 (11.
977 1172 1081 1253 Korn,
1103 1172 1143 1237 de
1171 1170 1298 1252 publico

142 1279 299 1362 Aeschyli
328 1279 495 1361 Sophoclis
529 1280 695 1362 Euripidis
731 1280 912 1346 fabularum
943 1280 1120 1362 exemplari
1147 1280 1299 1362 Lycurgo

143 1392 278 1454 auctore
291 1387 448 1471 confecto,
471 1387 656 1456 diss.Bonn.
670 1394 762 1472 1863,
779 1389 837 1454 suh
854 1389 973 1476 finem),
993 1388 1134 1455 alterum
1149 1407 1300 1454 versuum

143 1496 411 1577 interpolatorum
430 1515 534 1579 genus
553 1497 732 1578 posteriore
750 1502 894 1580 tempore
911 1504 1017 1564 ortum
1039 1517 1118 1564 esse,
1149 1499 1301 1564 Ceterum

145 1605 196 1671 cui
219 1605 333 1688 generi
354 1605 571 1687 unusquisque
596 1624 710 1672 versus
729 1605 856 1688 spurius
878 1605 1067 1672 tribuendus
1086 1606 1139 1689 sit,
1163 1607 1300 1688 plerum·

145 1731 206 1794 que
228 1713 262 1778 in
284 1712 388 1778 medio
411 1712 656 1793 relinquendum
678 1732 750 1779 esse
772 1731 896 1806 censeo.
955 1787 959 1792 ,

247 1883 411 1966 Deinceps
426 1885 704 1951 commemoranda
715 1883 1195 1967 suntinterpolationisindicia.
1219 1883 1302 1948 Nam

147 2010 261 2061 versus
283 1993 383 2075 spurii
395 1992 504 2074 aliquo
523 1994 615 2059 modo
635 1993 902 2075 interpolatorem
914 1992 1074 2059 redolent.
1104 1993 1304 2076 Repugnant
1334 2073 1336 2077 ι

148 2101 232 2167 enim
260 2105 319 2167 aut
346 2102 397 2189 (1)
427 2101 563 2167 conexui
592 2106 650 2167 aut
679 2103 726 2189 (2)
759 2102 822 2168 toti
844 2102 977 2167 fabulae
1006 2106 1064 2167 aut
1092 2102 1142 2189 (3)
1172 2099 1303 2182 ingenio

147 2215 265 2294 poetae
296 2214 355 2275 aut
377 2210 423 2296 (4)
446 2209 618 2276 universae
647 2211 777 2276 rationi.
821 2211 874 2277 Ad
896 2211 977 2276 haec
1004 2210 1124 2277 indicia
1144 2209 1304 2275 intestina

148 2322 304 2387 accedere
331 2324 466 2400 possunt
490 2325 643 2385 externa:
677 2320 727 2408 (5)
749 2320 909 2385 vocabula
937 2320 1026 2386 nullo
1039 2319 1041 2324 '
1056 2318 1120 2385 alio
1150 2319 1221 2384 loco
1243 2317 1305 2383 nisi

147 2431 209 2495 hoc
234 2433 391 2510 usurpata
413 2465 454 2477 —
477 2429 560 2508 quod
584 2432 812 2511 argumentum
839 2429 941 2494 solum
971 2427 1012 2493 ad
1042 2446 1155 2494 versus
1185 2433 1305 2508 expun-

148 2537 272 2621 gendos
299 2555 361 2602 non
390 2537 472 2602 satis
500 2527 1306 2621 11111,11111111111111111111ἅπαξείρηαένα

150 2664 233 2727 quae
254 2644 565 2713 vocanturinveniri
586 2663 678 2710 nemo
699 2644 858 2710 nescit-
868 2645 945 2730 ;(6)
958 2645 1171 2711 verborumst
1156 2648 1306 2710 tractura

149 2752 258 2818 aliena
286 2752 327 2818 ab
357 2769 417 2817 usu
445 2755 521 2833 poet
523 2769 579 2832 ae3
609 2753 643 2838 (7
645 2752 659 2839 )
625 2751 825 2817 llaesat
794 2750 1026 2833 stichomythia
1048 2749 1236 2838 (sedesve,
1264 2768 1306 2814 ne

151 2861 225 2926 huic
252 2859 300 2926 rei
326 2859 459 2924 nimium
482 2859 608 2926 tribuas
629 2859 813 2945 momenti);
843 2876 957 2926 versus
978 2859 1028 2944 (8)
1051 2862 1109 2923 aut
1131 2876 1173 2923 ex
1193 2856 1307 2924 eadem

150 2975 209 3036 ant
230 2970 279 3057 (9)
301 2986 342 3033 ex
363 2969 439 3034 aliis
458 2969 624 3051 Euripidis
644 2969 824 3052 tragoediis
845 2974 903 3034 aut
925 2969 996 3055 (10)
1019 2987 1060 3036 ex
1080 2969 1215 3035 aliorum
1234 2987 1308 3050 poe-

152 3085 259 3146 tarum
291 3077 412 3144 fabulis
439 3077 586 3160 repetiti,
619 3096 683 3158 qua
704 3078 737 3142 in
758 3095 794 3143 re
816 3077 850 3142 in
869 3077 1057 3143 universnm
1078 3076 1111 3142 id
1133 3076 1306 3141 tenendum

153 3192 213 3269 est,
227 3204 350 3267 versus,
375 3184 428 3266 qui
449 3185 481 3250 in
502 3204 567 3251 una
591 3185 767 3266 eademque
787 3185 899 3251 fabula
910 3185 960 3250 bis
976 3186 1029 3252 vel
1042 3189 1094 3250 ter
1104 3189 1307 3268 repetuntur,

152 3295 181 3362 si
202 3313 282 3361 vera
304 3294 509 3375 repetitionis
522 3313 620 3360 causa
642 3313 706 3360 non
727 3295 824 3376 plane
845 3294 1015 3376 perspicua
1037 3293 1198 3376 est‚nullo
1216 3294 1308 3360 modo

152 3422 210 3485 pro
231 3401 382 3486 genuinis
404 3419 476 3468 esse
493 3404 667 3469 habendos.
701 3404 768 3490 (11)
792 3403 971 3469 Praeterea
992 3419 1090 3482 saepe
1112 3401 1309 3468 scholiastae

153 3512 314 3580 adnotant
341 3511 467 3592 aliquos
489 3529 603 3578 versus
631 3511 666 3577 in
696 3511 859 3578 nonnullis
879 3509 973 3577 libris
996 3528 1058 3576 non
1085 3508 1201 3592 inesse,
1226 3509 1310 3588 quod

154 3621 282 3702 quidem
301 3624 527 3705 argumentum
549 3639 613 3688 non
632 3638 759 3702 semper
778 3620 860 3686 satis
881 3620 971 3686 firmo
991 3620 1033 3685 ad
1052 3617 1311 3701 persuadendum

154 3731 272 3797 nititur
294 3731 520 3812 fundamento,
548 3730 624 3811 quia
647 3729 742 3796 multi
756 3747 870 3796 versus
891 3749 912 3794 a
934 3727 1077 3794 librariis
1096 3728 1312 3811 neglegenter

155 3842 264 3910 omissi
286 3855 372 3908 sunt.
395 3841 515 3928 (Schol.
535 3841 577 3907 ad
600 3842 673 3907 Alc.
697 3843 884 3915 830-832;
908 3837 950 3903 ad
963 3837 1084 3902 Phoen.
1108 3841 1216 3918 1289).
1244 3839 1311 3920 (12)

156 3951 393 4031 Nonnunquam
415 3968 520 4032 porro,
544 3949 572 4016 si
585 3965 708 4031 versus,
726 3967 783 4014 suo
805 3948 876 4014 loco
898 3945 1015 4028 omissi,
1038 3945 1103 4010 alio
1119 3947 1195 4010 sunt
1215 3943 1312 4010 collo·

156 4059 240 4143 cati,
273 4059 315 4125 ad
334 4076 453 4125 nexum
475 4057 681 4124 efficiendum
709 4056 865 4123 nonnulla
888 4053 1062 4121 temerarie
1084 4053 1198 4118 addita
1226 4057 1312 4118 sunt.

156 4171 226 4259 (13)
247 4168 415 4235 Interdum
438 4166 576 4248 denique
605 4166 691 4232 falsa
715 4165 872 4247 lectione,
902 4181 984 4244 quae
1005 4179 1161 4228 conexum
1183 4164 1313 4227 senten-

156 4279 277 4345 tiarum
307 4277 532 4360 perturbabat,
563 4276 633 4341 fact
618 4279 687 4341 tum
717 4278 820 4358 est,u
753 4274 948 4340 tutlocus
969 4270 1183 4356 amplificaret
1185 4289 1232 4336 ur.
1255 4269 1313 4355 (11

157 4385 402 4456 Wecklein&
362 4385 454 4452 Stud.
476 4403 507 4467 p
530 4385 617 4471 352).
