2994 4902
656 245 864 307 ...57-

184 405 312 473 Bauero
327 409 532 478 Weckleinio
545 411 693 495 Zieglaro
710 411 843 494 placuit.
869 413 933 498 (De
950 411 1162 479 collocatione
1181 409 1338 494 pronomi-

183 513 236 580 nis
271 518 306 582 οὲ
341 517 454 585 confer
479 518 675 587 Weckleinii
717 521 984 607 adnotationem.)
1035 519 1174 602 Iniuria,
1217 518 1338 602 opinor,

184 627 269 693 hanc
295 627 516 694 coniecturam
544 629 748 712 impugnavit
777 629 980 696 Badhamus:
1021 628 1110 710 quia,
1142 628 1170 693 si
1198 626 1341 710 Pylades

184 735 256 802 sine
276 735 424 802 amicoiu
438 735 579 818 patriam
595 737 757 818 rediisset,
780 737 821 802 de
844 737 923 820 fuga
944 736 1033 802 illius
1047 734 1190 803 dubitari
1212 733 1340 800 omuino

184 861 250 909 non
271 843 448 925 potuisset3
480 844 613 927 deinde,
637 845 684 927 „si
704 845 860 928 fugisset,
889 845 943 912 rel
972 843 1070 911 etiam
1092 843 1185 927 peius
1206 841 1341 908 fecisset

184 952 241 1036 τῆς
262 952 455 1036 τυραννίδος
480 943 576 1037 χάριν
585 957 622 1033 “;
645 956 715 1018 tum
742 952 819 1033 quia
849 951 1031 1033 perfectum
1054 953 1219 1016 σεσῶσθαι
1246 966 1342 1015 sensu

184 1057 299 1124 aoristi
328 1062 480 1146 σωθῆναι
508 1061 680 1148 (evasisse)
702 1079 767 1127 non
794 1066 984 1143 usurpatum
1011 1065 1109 1126 esset.
1155 1058 1279 1142 Quibus
1303 1074 1344 1122 ex

183 1167 385 1250 argumentis
404 1168 543 1250 primum
564 1169 659 1234 nihili
678 1186 750 1235 esse
772 1174 928 1251 apparet3
950 1169 1091 1235 altemm
1113 1166 1192 1233 mibi
1211 1165 1340 1246 quidem

182 1274 358 1341 absurdum
386 1274 533 1357 videtum
565 1295 641 1342 nam
669 1275 800 1359 Argivi,
835 1277 864 1342 si
892 1277 1050 1360 Pyladem
1084 1280 1152 1342 tam
1181 1274 1342 1356 perditum

183 1383 344 1450 hominem
372 1388 562 1467 putassent,
592 1384 649 1465 qui
674 1384 813 1450 amicum
840 1385 1007 1468 perderet,
1039 1385 1126 1450 haud
1155 1381 1251 1450 dubie
1282 1399 1345 1448 uon

182 1489 290 1557 minus
312 1491 411 1558 facile
442 1493 579 1573 (πολλοὶ
607 1489 670 1578 γὰρ
699 1492 814 1572 κακοί)
844 1492 906 1558 sibi
933 1491 1130 1574 persuadere
1159 1490 1345 1572 potuerant,

183 1617 257 1665 eum
279 1599 452 1680 probrosae
472 1599 650 1682 proditioni
672 1599 839 1666 addidisse
867 1599 978 1682 fugam
1007 1597 1250 1682 ignavissimam
1279 1596 1347 1679 (τῆς

183 1706 377 1791 τυραννίδος
394 1706 511 1794 χάριν).
534 1707 724 1774 Perfectum
742 1711 854 1772 eutem
875 1709 1041 1772 caddonac
1055 1706 1107 1772 hic
1127 1704 1208 1772 nihil
1226 1701 1348 1786 signifi·

184 1831 261 1879 care
272 1813 334 1879 nisi
351 1819 519 1881 servatum
534 1815 636 1882 fuisse
657 1833 723 1880 non
737 1813 1040 1881 recteBadhamum
1049 1813 1245 1881 contendere
1259 1814 1348 1893 puto.

184 1921 258 1988 Meo
275 1923 359 1988 enim
374 1921 492 1989 iudicio
510 1923 596 1990 idem
612 1927 783 1990 σεσῶσθαι
799 1926 912 2006 potest
926 1923 1037 1992 valere
1055 1923 1125 1990 sich
1139 1921 1350 2007 gerettetba·

184 2031 258 2114 beu,
267 2031 473 2098 eutkommen
483 2031 563 2115 sein,
575 2031 741 2114 effugisse,
754 2034 789 2096 et
798 2033 861 2099 hac
874 2032 1115 2116 significatione
1127 2029 1268 2098 aoristus
1279 2047 1350 2096 ver-

185 2143 219 2208 bi
237 2135 399 2227 σώζεσθαι
413 2144 455 2208 ab
473 2141 619 2209 hocloco
636 2158 772 2223 prorsus
787 2141 917 2208 alienus
938 2147 997 2210 est.
1041 2141 1125 2208 Nam
1143 2158 1207 2207 uss.
1222 2145 1284 2206 676
1302 2157 1349 2220 sq.

185 2252 329 2335 Pylades
341 2252 381 2316 de
403 2269 441 2318 eo
456 2255 602 2333 tempore
624 2251 780 2332 loquitur,
804 2269 867 2332 quo
890 2251 980 2318 l'ama
996 2251 1151 2335 ignaviae
1172 2249 1353 2330 nequitiae·

186 2379 250 2442 que
269 2360 399 2442 abipso
420 2358 610 2426 commissae
630 2376 693 2441 per
714 2360 825 2442 Argos
844 2362 879 2426 et
898 2360 1072 2428 Phocidem
1094 2359 1159 2426 iam
1178 2359 1351 2444 divulgata

187 2469 267 2554 enit,
287 2487 352 2535 non
373 2468 414 2534 de
435 2486 484 2550 eo,
507 2485 570 2547 quo
593 2467 685 2534 fama
707 2468 766 2534 illa
789 2468 1023 2554 divulgabitur.

290 2575 398 2642 Aliam
437 2575 501 2641 loci
534 2575 733 2642 emendandi
766 2577 930 2644 rationem
964 2576 1038 2644 iniit
1070 2576 1260 2643 Erfurdtins
1292 2576 1353 2656 (cf.

188 2685 397 2770 Seidlerum),
426 2701 498 2749 cum
530 2683 775 2751 commendavit
806 2689 941 2768 σωθείς,
973 2690 1010 2750 ut
1039 2685 1141 2752 verba
1168 2686 1229 2752 hoc
1260 2686 1353 2751 modo

188 2796 420 2861 cohaererent:
448 2791 569 2869 σωθεὶς
587 2784 692 2876 μόνος
710 2792 755 2870 εἰς
774 2794 887 2874 οἴκους
899 2789 989 2876 δόξω
1007 2806 1077 2872 τοῖς
1097 2799 1231 2871 πολλοῖς
1252 2788 1355 2880 ῥάψαι

188 2898 294 2990 μόρον
323 2919 388 2985 σοι,
417 2893 566 2986 προδούς
589 2919 639 2982 σε,
669 2897 689 2988 ἢ
716 2903 770 2966 καὶ
794 2901 965 2986 φονεύσας.
1010 2902 1196 2970 Badhamus
1218 2901 1355 2968 retinuit

189 3011 272 3078 illud
299 3008 507 3093 participium
534 3009 657 3086 σωθείς
688 3009 877 3077 adiunctum
906 3011 956 3078 illi
981 3004 1136 3095 προδούς.
1181 3007 1357 3075 Elmsleius

190 3118 307 3186 maluit
324 3117 443 3195 σωθείς
464 3110 493 3181 τ’
516 3109 681 3203 (προδούς
703 3137 738 3184 σε
758 3121 878 3196 σωθείς
898 3113 927 3184 τ’
948 3113 1048 3197 ου’τδς
1069 3121 1168 3205 κτλ.);
1189 3117 1356 3183 Nauckius

191 3245 265 3294 cum
279 3227 429 3292 Dobraec
452 3225 586 3307 scripsit
610 3228 729 3302 σωθεὶς
750 3221 788 3292 δ.
819 3227 1022 3293 Has-omnes
1043 3227 1259 3307 coniecturas
1282 3244 1354 3291 cum

192 3337 344 3404 nitantur
373 3333 407 3400 in
435 3333 638 3401 intolerabili
659 3335 888 3401 coniunctione
909 3335 1080 3402 verborum
1100 3326 1265 3418 φονεύσας
1287 3385 1293 3396 .
1319 3383 1326 3397 .
1349 3387 1356 3400 .

195 3438 299 3530 ῥάψαι
318 3437 433 3529 μόρον,
455 3442 536 3508 ferri
558 3459 652 3525 posse
673 3442 872 3526 negaverim.

301 3553 393 3636 Quae
414 3570 487 3617 cum
507 3550 557 3617 ita
580 3551 656 3632 sint,
679 3569 794 3618 versus
815 3569 888 3618 cnm
898 3549 1068 3634 Koechlyo
1089 3552 1139 3618 ita
1159 3549 1359 3617 constituen-

195 3663 255 3730 dos
275 3679 346 3728 esse
366 3678 501 3728 censeo:

301 3776 374 3838 678.
398 3763 487 3848 δόξαν
508 3767 543 3832 δὲ
565 3779 634 3844 τοῖς
655 3771 808 3832 πολλοῖσι
838 3807 866 3812 --
897 3767 1015 3832 πολλοὶ
1037 3764 1099 3853 γὰρ
1113 3766 1258 3834 κακοί-

398 3871 545 3962 προδοὺς
567 3877 783 3940 σεσῶσθαι
802 3867 829 3938 o’
848 3869 948 3950 αὐτὸς
968 3873 1013 3950 εἰς
1032 3876 1146 3952 οἴκους
1166 3869 1277 3960 μόνος,

303 3991 376 4054 680.
399 3979 419 4070 ἢ
440 3985 493 4048 καὶ
515 3987 691 4065 φονεῦσαι
712 3977 740 4046 o'
761 3981 812 4046 ἐπὶ
835 3983 969 4048 νοσοῦσι
990 3978 1121 4070 δώμασι

398 4087 512 4179 (ideas
526 4083 631 4178 μόρον
645 4109 698 4156 σοι
719 4091 774 4176 σῆς
794 4089 989 4174 τυραννίδος
1007 4088 1114 4180 χάριν,

621 4310 924 4320 m.—
