2994 4902
677 289 892 349 ..34-

314 454 451 520 Versum
469 459 530 520 349
550 460 588 520 ut
609 454 853 536 interpolatoris
872 454 1129 522 additamentum
1146 453 1267 520 abiecit
1278 453 1371 525 Nau-

213 562 315 628 ckius
360 562 606 629 concedendum
629 563 757 644 quidem
778 566 845 645 est,
880 564 941 629 hoo
966 580 1064 630 versu
1092 563 1206 629 omisso
1236 581 1372 629 sensum

212 687 276 736 non
296 669 496 752 interrumpi.
543 669 660 736 Verum
692 687 730 736 εο
759 670 952 751 interposito
980 687 1044 736 non
1073 671 1176 737 solum
1204 687 1267 736 non
1292 687 1371 751 per·

211 779 380 861 turbatur,
411 780 468 845 sed
497 779 596 844 etiam
626 779 727 845 multo
749 778 867 846 clarior
895 779 943 845 nt.
986 778 1125 845 Accedit
1146 779 1231 860 qnod
1251 795 1373 861 parum

211 886 282 954 veri
303 885 407 952 simile
431 886 577 969 videtur,
599 885 819 970 Iphigeniam,
855 903 937 968 quae
960 887 1069 953 dolore
1100 886 1219 953 mortni
1250 883 1374 951 fratris

211 976 421 1063 vehementer
432 998 601 1077 commota,
622 995 815 1075 ubicumque
828 995 955 1065 occasio
970 995 1106 1062 offertur
1116 998 1311 1080 (v.373.474
1318 1011 1371 1074 sq.

211 1109 273 1170 989
296 1105 373 1189 sq),
403 1103 488 1168 huno
507 1101 540 1168 in
562 1101 748 1169 memoriam
767 1110 917 1187 revocat,
947 1104 1050 1186 ipsam
1071 1121 1217 1185 cansam,
1246 1119 1304 1168 our
1329 1101 1372 1166 in

211 1211 357 1278 Graecas
383 1210 535 1278 victimas
566 1210 707 1277 animum
739 1211 932 1294 mutaverit,
964 1211 1079 1278 fratris
1111 1215 1247 1278 mortem
1282 1210 1371 1291 dico,

209 1320 355 1402 pluribus
376 1318 430 1399 hic
456 1337 520 1386 non
548 1337 807 1386 commemorare.
849 1319 1010 1386 Vitiosam
1033 1319 1227 1402 scripturam
1248 1319 1372 1384 δοκοῦ-

210 1447 300 1511 σαν,
330 1446 387 1511 pro
410 1446 474 1508 qua
495 1422 627 1494 δοκοῦσ
648 1432 739 1494 recte
768 1427 912 1510 reposuit
934 1427 1054 1494 codicis
1076 1427 1100 1494 O
1123 1430 1288 1494 corrector
1307 1427 1370 1514 (of.

210 1534 428 1604 Wilamovitz.
440 1553 470 1617 p.
484 1540 503 1600 7
517 1538 551 1601 et
564 1538 628 1622 30),
653 1553 761 1601 errore
783 1534 908 1601 librarii
930 1553 971 1601 ex
991 1538 1147 1617 sequente
1158 1528 1304 1600 δύσνουν
1326 1559 1372 1619 με

208 1649 314 1712 ortam
345 1663 416 1710 esse
449 1661 513 1709 non
546 1642 680 1710 difficile
712 1647 764 1710 est
792 1643 973 1710 intellectu.
1016 1643 1220 1728 Singularem
1252 1646 1372 1709 autem

207 1771 374 1820 numerum
403 1751 568 1834 participii
599 1767 671 1817 cnm
703 1752 823 1833 plurali
839 1752 930 1819 verbi
960 1753 1046 1834 apud
1069 1756 1184 1835 poetas
1210 1751 1372 1835 coniungi

207 1861 318 1929 multis
350 1859 506 1942 exemplis
538 1857 754 1924 confirmatur.
809 1859 914 1944 Iphig.
946 1860 1042 1930 Taur.
1079 1866 1142 1927 578
1169 1879 1215 1941 sq.
1240 1853 1369 1946 ἥκομεν

209 1967 450 2038 ..σπεύδουσα
494 1966 625 2035 Heraol.
644 1966 706 2034 fur.
730 1973 792 2034 858
813 1961 1049 2055 μαρτυρόμεθα
1070 1963 1178 2054 δρῶο’.
1200 1968 1366 2037 Ιοη,1250

207 2072 481 2164 διωκόμεσθα..
507 2125 513 2140 .
536 2069 731 2162 κρατηθεῖσῖ
759 2075 891 2160 Heracl.
918 2075 980 2143 fur.
1011 2083 1092 2143 1206
1115 2069 1299 2161 ἱκετεύομεν
1323 2125 1331 2142 .
1358 2125 1366 2142 .

206 2187 429 2274 προσπίτνων.
454 2184 496 2251 ef.
516 2183 648 2250 Lobeck
670 2185 712 2251 ad
733 2184 1105 2268 sopn.Ao.191.p.1ss.
1129 2223 1168 2233 -
1193 2183 1368 2268 (Similiter

206 2297 277 2379 lpn.
299 2295 336 2361 Τ.
357 2299 420 2361 620
441 2311 488 2373 sq.
511 2292 597 2376 Ipn:
620 2287 740 2378 κείμεθ’
764 2341 770 2358 .
793 2347 800 2361 .
824 2343 831 2359 .
857 2291 925 2358 Or.:
949 2288 1101 2381 θύουσα)

631 2535 936 2542 Ἣ

307 2726 469 2794 'Primetro
483 2731 543 2793 351
558 2729 638 2793 ante
652 2731 772 2792 ussto
790 2725 895 2808 posito
910 2745 1025 2794 versus
1037 2733 1098 2794 352
1108 2745 1154 2808 sq.
1170 2726 1366 2794 subditicios
1470 2781 1471 2788 κ

205 2853 278 2902 essa
298 2835 423 2902 iudicat
434 2833 647 2901 Schenkelius
657 2831 787 2919 (Philol.
798 2834 961 2918 Anzeiger
976 2841 1057 2901 1873
1067 2835 1177 2918 Suppl.
1189 2835 1214 2900 I.
1223 2853 1254 2916 p.
1265 2837 1364 2922 555);

205 2943 320 3024 quibus
349 2942 539 3025 decausis,
571 2960 633 3008 non
662 2940 765 3010 addit.
810 2941 893 3008 'l'res
917 2942 991 3009 illos
1013 2944 1158 3010 senarios
1183 2944 1363 3026 interpola-

204 3056 308 3119 torem
331 3069 446 3134 sapere
467 3051 648 3117 arbitratur
660 3050 698 3117 F.
718 3048 757 3119 G.
772 3049 971 3119 Schmidtins
986 3053 1109 3139 (annal.
1133 3051 1242 3134 philol.
1264 3058 1364 3120 1864.

203 3179 234 3242 p.
260 3163 344 3244 225).
392 3159 476 3226 Nam
502 3158 679 3241 suspiciosa
708 3176 780 3225 esse
809 3161 968 3227 vocabula
998 3156 1240 3247 εὐτυχεστέροις
1265 3157 1363 3227 αὐτοὶ

204 3270 315 3346 κακῶς
346 3261 530 3353 πράξοντες
560 3270 660 3347 atque
693 3266 900 3334 indicandum
938 3267 1055 3351 fusse,
1102 3286 1156 3334 res
1192 3268 1364 3353 adversas

205 3376 320 3456 quibus
335 3374 508 3460 Iphigenia
530 3376 592 3440 hoc
611 3379 756 3456 tempore
778 3378 936 3459 uteretur,
955 3374 1094 3443 maiores
1115 3393 1304 3456 essequam
1325 3376 1364 3442 in

204 3484 319 3565 quibus
337 3487 437 3550 antea
457 3485 689 3550 essetversata
710 3500 845 3563 eamque
861 3488 995 3567 propter
1011 3484 1096 3551 hano
1107 3482 1211 3566 ipsam
1228 3488 1364 3550 anetam

204 3592 426 3660 calamitatem
447 3592 575 3659 infenso
597 3609 669 3657 esse
691 3591 806 3657 animo.

304 3698 386 3766 Inde
417 3703 571 3782 apparet,
601 3715 757 3765 summam
779 3697 874 3764 huius
900 3696 1100 3779 quaestionis
1126 3715 1198 3764 esse
1219 3696 1363 3780 positam

203 3807 237 3873 in
259 3808 407 3876 versibus
419 3813 480 3875 352
491 3825 537 3889 sq.
558 3805 787 3874 examinandis.
817 3805 906 3889 Quos
924 3825 996 3873 oum
1011 3806 1210 3889 perscrutati
1229 3806 1361 3891 erimus,

205 3934 319 3999 pauca,
341 3935 425 3998 quae
446 3916 537 3983 dev.
560 3921 622 3982 351
642 3915 781 3982 dicenda
801 3918 887 3998 sunt,
910 3913 1091 3981 afferamus.

305 4023 377 4090 Non
405 4025 475 4091 sine
497 4041 596 4091 causa
618 4023 656 4090 F.
679 4022 718 4092 G.
739 4022 938 4090 Schmidtius
960 4023 1143 4106 contendit,
1166 4039 1230 4091 vss.
1252 4025 1361 4088 351-

204 4135 266 4197 353
277 4130 396 4198 deletis
416 4130 750 4198 commemorationem
759 4130 908 4198 Helenae
922 4134 957 4197 et
967 4129 1108 4197 Menelai
1121 4133 1195 4216 (uss.
1205 4132 1267 4196 354
1277 4132 1360 4217 sqq.)

202 4243 280 4322 apte
301 4239 434 4307 adnecti
456 4241 498 4307 ad
520 4242 621 4308 verba
644 4237 763 4319 οἵτινές
783 4234 864 4306 ποθ’
885 4232 985 4325 ἥκετε.
1030 4239 1095 4305 Sed
1117 4255 1231 4306 versus
1253 4237 1281 4304 si
1303 4257 1357 4305 ex·
1440 4319 1441 4328 ρ

202 4347 304 4432 pungi
323 4353 468 4431 possunt,
491 4355 601 4416 tamen
624 4367 687 4415 non
710 4348 840 4415 debent.
