2994 4902
615 271 830 330 ,68-

252 433 387 498 Orestes
414 450 486 497 cum
513 443 613 499 antea
634 436 710 520 (vss.
721 440 781 504 543
790 443 872 522 sqq.)
896 457 931 504 se
951 441 1178 522 gnarissimum
1199 459 1308 506 rerum

147 541 396 607 domesticarum
420 559 492 607 esse
514 543 708 626 ostenderit,
737 545 866 611 hastam
888 546 937 612 ita
957 548 1121 631 universe,
1144 553 1181 614 ut
1203 549 1307 616 omnis

147 649 217 714 iere
245 649 389 732 Argivus
417 655 564 732 poterat,
600 651 786 720 describens
815 673 879 720 non
910 657 992 722 satis
1021 663 1144 723 certum
1171 656 1307 723 afferret

146 757 308 846 indie-ium.
356 757 562 840 Quapropter
584 760 705 827 addere
728 762 869 828 debebat
896 763 1135 847 documentum,
1166 783 1228 846 quo
1250 783 1307 830 ne-

118 865 288 932 cessarie
317 867 573 948 demonstraret,
615 869 670 934 vel
700 869 831 936 abditas
863 873 1072 952 occultasque
1105 892 1158 938 res
1193 874 1306 939 domus

144 975 397 1058 Agamemnonis
417 992 451 1040 se
473 974 603 1055 penitus
627 978 826 1058 cognovisse.
873 980 981 1063 Porro,
1007 983 1081 1060 quia
1103 982 1161 1047 illa
1185 983 1306 1047 cellula
1344 1048 1350 1054 ,

144 1083 313 1148 recondita
335 1087 370 1148 et
390 1082 503 1148 abdita
525 1085 664 1148 omnium
686 1085 868 1151 tutissimus
890 1093 962 1152 erat
984 1090 1136 1170 locorum,
1164 1089 1304 1169 hastam,

145 1211 226 1271 quae
247 1193 416 1272 permagni
438 1192 682 1275 aestimaretur,
708 1192 777 1268 illic
798 1195 962 1260 conditam
982 1214 1053 1261 esse
1068 1198 1154 1262 haud
1174 1216 1305 1278 prorsus

144 1300 319 1366 absurdum
336 1300 475 1366 videtur.
506 1299 760 1366 btwecnleinn
783 1303 890 1369 adnot.

249 1519 398 1586 Orestem
422 1518 541 1602 gaudio
563 1519 682 1608 sororis
702 1524 854 1601 repertae
878 1519 972 1586 nimis
995 1521 1138 1586 deditum
1160 1521 1306 1603 Pylades

143 1632 267 1710 monet,
298 1633 335 1693 ut
364 1629 404 1694 de
427 1646 464 1693 eo
493 1626 632 1694 desistat
654 1632 753 1708 atque
776 1632 869 1693 curet
891 1629 1046 1707 qrromodo
1069 1647 1108 1694 ea
1135 1648 1187 1711 re,
1218 1631 1304 1709 quod

144 1737 347 1802 sacerdotem
366 1734 556 1818 cognoverit
575 1753 725 1816 sororem,
748 1736 789 1801 ad
807 1735 935 1801 Dianae
958 1741 1103 1802 statuam
1123 1737 1305 1818 adipiscen-

144 1848 216 1910 dam
233 1844 437 1923 reditumque
453 1843 633 1924 parandum
654 1861 750 1922 quam
770 1843 890 1924 optime
908 1848 1031 1908 utatur.
1064 1844 1168 1926 Quam
1186 1846 1304 1912 adbor-

142 1953 299 2019 tationem
322 1951 486 2016 concludit
506 1952 568 2015 hac
590 1950 756 2016 sententia
778 1951 926 2032 generali

266 2067 338 2124 907.
363 2061 478 2140 σοφῶν
498 2055 558 2142 γὰρ
582 2051 716 2141 ἀνδρῶν
739 2059 843 2123 ταῦτα
865 2057 907 2143 μὴ
923 2051 1075 2138 ’κβάντας
1095 2052 1193 2144 τύχης

364 2159 482 2250 καιρὸν
504 2157 666 2243 λαβόντας
685 2158 807 2250 ἡδονὰς
829 2160 929 2243 ἄλλας
950 2169 1071 2246 λαβεῖν.

142 2275 212 2340 Hos
232 2290 346 2341 versus
364 2273 398 2337 in
421 2271 634 2353 suspicionem
654 2272 786 2340 vocavit
808 2274 845 2339 L.
868 2273 1071 2356 Dindorlius,
1095 2273 1147 2339 cui
1168 2279 1305 2355 propter

140 2384 275 2451 verbum
291 2383 401 2460 λαβεῖν
417 2381 505 2445 intra
519 2397 639 2460 paucos
668 2381 813 2446 senarios
836 2388 952 2461 quater
975 2395 1048 2460 (vss.
1059 2387 1130 2450 903.
1141 2386 1212 2449 905.
1223 2381 1304 2467 908)

141 2490 316 2572 repetitum
338 2488 507 2572 Zieglerus
537 2486 726 2554 dubitanter
755 2490 949 2566 assentitur;
979 2490 1080 2555 ceteri
1108 2487 1214 2554 critici
1237 2507 1303 2553 non

141 2598 347 2681 conveniunt,
370 2597 424 2676 qui
444 2614 557 2662 sensus
575 2597 619 2661 sit
638 2596 710 2662 loci.

243 2707 399 2787 Apparet,
423 2705 451 2770 si
464 2703 626 2785 particula
636 2699 679 2790 μὴ
695 2723 767 2770 curn
786 2697 948 2784 ἐκβάντας
962 2704 1177 2786 coniungitur,
1201 2703 1302 2768 aliam

141 2815 338 2880 sententiam
365 2813 456 2878 nasci
479 2831 518 2877 ac
540 2812 567 2877 si
584 2813 626 2877 ad
639 2814 741 2878 verba
760 2805 881 2898 ἡδονὰς
897 2807 997 2889 ἄλλας
1017 2814 1128 2891 λαβεῖν
1149 2815 1302 2880 refertur.

142 2921 284 2992 Primum
313 2920 417 3004 igitur
442 2920 475 2985 in
505 2919 672 3001 opiniones
699 2939 806 2986 eorum
829 2918 1027 3001 inquiratur,
1057 2920 1112 3000 qui
1134 2922 1176 2986 ad
1199 2922 1302 3002 parti-

141 3029 258 3109 cipium
281 3019 442 3108 ἐκβάντας
459 3027 539 3092 illud
554 3025 596 3114 μὴ
617 3027 782 3110 pertinere
794 3027 1006 3094 arbitrantur.
1030 3027 1170 3094 Kvioala
1182 3027 1302 3113 (Beitr.

140 3155 171 3216 p.
187 3137 272 3222 255),
295 3152 430 3215 quocum
451 3134 602 3201 Klotzius
625 3135 736 3218 sentit,
760 3135 856 3200 nixus
878 3136 995 3201 Aesclr.
1009 3134 1098 3217 Sept.
1121 3141 1161 3201 65
1181 3131 1302 3220 καιρὸν

142 3245 252 3320 λαβεῖν
285 3241 507 3323 interpretans
538 3292 552 3324 ‚,
561 3241 839 3324 opportunitatem
862 3242 1005 3307 oblatam
1040 3242 1153 3307 statim
1182 3260 1302 3323 capere

142 3368 244 3430 eaque
271 3349 321 3414 uti
329 3354 343 3387 “
373 3349 478 3415 locum
505 3350 553 3416 ita
579 3349 762 3432 intellegit:
794 3349 989 3430 sapientium
1017 3368 1102 3432 esse,
1134 3349 1302 3416 fortunam

141 3477 205 3524 non
234 3457 419 3540 negligere,
452 3459 508 3524 sed
537 3457 814 3541 opportunitatem
837 3457 1005 3539 capientes
1026 3457 1058 3538 (i.
1083 3476 1109 3524 e.
1133 3457 1302 3540 sapienter

140 3566 311 3652 capiendo)
349 3565 474 3632 etiam
513 3567 579 3632 alia
616 3566 678 3631 sibi
716 3585 903 3648 comparare
938 3566 1074 3649 gaudia,
1114 3568 1152 3632 ut
1184 3558 1300 3652 ἡδοναὶ

139 3669 235 3739 ἄλλαι
256 3676 475 3756 respondeant
496 3673 663 3742 vdtabulis
686 3671 817 3740 κλεινὸν
839 3669 944 3759 ὄνομα
968 3675 1136 3760 σωτηρίας.
1176 3675 1301 3742 Contra

140 3802 235 3866 quam
280 3783 585 3864 interpretationem
630 3783 780 3867 Engerus
828 3783 928 3868 (llus.
951 3783 1055 3848 Rhea.
1095 3789 1143 3849 17.
1174 3784 1236 3851 vol.
1256 3804 1298 3866 p.

140 3896 203 3959 614
225 3893 285 3978 sq.)
316 3897 426 3958 monet
455 3892 559 3966 haec„
583 3891 726 3958 Primum
755 3891 940 3974 exspectari
969 3894 1036 3956 καὶ
1068 3886 1175 3970 ἄλλας.
1224 3891 1300 3958 Om-

139 4001 214 4066 nino
237 4003 347 4065 antem
369 3999 451 4064 haee
469 4000 571 4066 verba
592 4019 649 4066 suo
672 4000 742 4065 loeo
765 4019 829 4066 non
851 4018 936 4082 esse,
962 4000 1037 4079 quia
1061 4005 1161 4066 antea
1182 3993 1300 4086 ἡδοναὶ.

139 4127 202 4176 non
212 4108 279 4174 sint
290 4112 566 4174 commemoratae.
585 4109 663 4187 (Sed
673 4108 1123 4191 versibus902-4gaudium
1146 4127 1300 4190 essepro-

139 4217 335 4299 nuntiatum,
351 4215 501 4300 Enger²us
516 4236 641 4298 quoque
651 4218 761 4283 facere
773 4235 837 4282 non
852 4221 962 4298 potest
979 4215 1055 4296 quin
1070 4218 1237 4298 concedat,
1261 4223 1301 4284 nt

139 4327 252 4394 statim
275 4325 468 4409 apparebit).
490 4325 616 4392 Deinde
624 4327 726 4394 verba
736 4319 856 4412 ἡδονὰς
867 4319 965 4402 ἄλλας
974 4329 1123 4406 spectare
1134 4343 1196 4390 non
1204 4343 1301 4408 posse
