2994 4902
601 219 815 280 ..70-

129 382 254 460 quidem
287 388 396 448 aurtem
423 377 570 467 germani
602 391 636 448 et
666 385 868 466 amplexibus
897 391 931 450 et
959 373 1291 454 commiserationibus

130 494 221 554 certe
253 492 413 573 gaudent,
450 493 527 573 bae,
559 491 651 572 quasi
684 493 822 558 alterum
853 494 1043 576 gaudiorum
1072 515 1192 578 genus,
1225 495 1291 560 illis

128 603 263 678 possunt
292 598 417 680 opponi.
464 599 556 682 Quae
586 618 656 664 curm
684 601 733 665 ita
756 600 837 680 sint,
867 603 1026 668 vocabula
1048 595 1168 686 ἡδονὰς
1189 598 1290 680 ἄλλας
1372 639 1377 645 ·

128 708 162 793 (i.
177 729 205 772 e.
226 708 415 788 voluptates
437 709 479 773 ad
503 707 630 774 Orestis
653 709 816 774 fortunam
845 728 908 773 non
931 710 1079 796 idoneas)
1101 711 1144 776 ad
1164 710 1292 776 commi-

134 815 315 881 serationes
344 818 389 899 (v.
413 819 494 898 904)
527 817 644 882 refero.
690 816 724 882 Si
751 815 919 899 Koechlyo
953 823 1087 884 anctore
1115 819 1156 884 ad
1188 822 1292 882 totam

131 923 334 1004 voluptatem
365 924 483 990 sororis
510 925 603 990 modo
627 923 781 990 inventae
803 923 977 994 referenda
1003 931 1126 1008 essent,
1150 926 1294 1009 Pylades

129 1036 244 1096 contra
264 1050 299 1096 se
319 1031 388 1112 ipse
410 1032 545 1096 diceret.
583 1031 666 1097 Nam
686 1032 855 1113 amplexus
876 1033 954 1117 (uss.
974 1039 1035 1099 902
1049 1052 1096 1113 sq.
1116 1029 1295 1118 περιβολὰς

131 1134 246 1216 εἰκὸς
270 1140 396 1225 λαβεῖν)
416 1144 451 1204 et
471 1157 512 1204 ex
524 1145 619 1220 parte
633 1139 930 1206 commiserationes
945 1137 1103 1226 (λήξαντα
1113 1138 1292 1226 όόἲκτων),

133 1241 216 1326 quae
239 1247 331 1312 modo
354 1247 581 1328 approbasset,
610 1248 724 1312 statim
750 1247 948 1330 improbaret
973 1245 1055 1332 (μὴ.
1081 1299 1088 1315 .
1113 1299 1120 1314 .
1143 1296 1151 1311 .
1173 1243 1295 1334 ἡδονὰς

129 1349 230 1431 όλλας
259 1354 394 1438 λαβεῖν).
439 1353 543 1420 Nimis
566 1355 645 1420 dure
666 1353 805 1419 Weilius
835 1373 930 1421 voees
958 1356 1033 1422 illas
1054 1356 1295 1437 interpretatur

132 1481 237 1528 vanas
259 1462 457 1542 voluptates.
503 1462 715 1543 Participium
740 1457 903 1541 λαβόντας
923 1463 1111 1546 Koechlyus
1132 1469 1223 1529 recte
1244 1463 1295 1529 ita

133 1571 289 1652 defendit,
307 1574 344 1634 ut
357 1569 390 1634 id
405 1570 585 1651 oppositum
601 1589 672 1635 esse
687 1569 736 1634 illi
751 1565 885 1656 (ἡδονὰς
898 1567 1010 1659 ἄλλας)
1026 1575 1136 1651 λαβεῖν
1149 1575 1294 1638 censeat.

134 1679 238 1761 Quam
262 1679 301 1744 ob
325 1696 392 1742 rem
414 1697 476 1743 neo
490 1677 603 1743 Weilii
625 1678 806 1744 motatione
828 1674 990 1764 λαχόντας
1004 1699 1065 1744 nec
1079 1679 1296 1744 Heimsoetbii

133 1785 231 1869 (Krit.
255 1785 350 1870 Stud²
371 1805 401 1866 p.
427 1790 487 1850 103
503 1787 561 1878 sq.)
584 1778 742 1862 λιπόντας
765 1804 844 1866 opos
873 1791 933 1852 est.
978 1786 1102 1868 Quibus
1124 1788 1165 1852 de
1187 1786 1296 1852 causis

133 1892 295 1977 Koechiyi
312 1892 456 1975 vestigia
478 1899 610 1959 secutus
633 1912 693 1976 ego
715 1895 799 1958 hanc
821 1893 1126 1975 interpretationem
1142 1913 1296 1960 versuum

88 2061 89 2068 ,
134 2007 195 2066 907
210 2021 257 2082 sq.
280 2020 439 2084 propono:
484 2001 686 2082 Sapientium
716 2006 781 2083 est,
813 2021 890 2084 non,
924 2021 995 2066 curn
1016 2003 1296 2086 opportunitatem

135 2109 225 2174 nacti
246 2113 331 2190 sunt,
349 2129 368 2175 e
387 2110 519 2175 fortuna
535 2128 683 2192 egressos
699 2109 773 2175 aliis
796 2127 830 2176 se
846 2110 964 2175 dedere
983 2109 1121 2192 gaudiis
1151 2110 1297 2192 Pylades

134 2217 236 2300 igitur
250 2218 386 2283 amicum
403 2219 565 2300 admonet,
588 2236 630 2282 ne
653 2217 853 2282 occasionem
869 2217 1033 2283 commode
1051 2218 1194 2283 oblatam
1209 2218 1297 2300 signi

134 2327 214 2391 deae
232 2325 382 2408 capiendi
397 2325 584 2405 reditusque
601 2323 740 2406 parandi
753 2325 1021 2406 praetermittens
1038 2326 1072 2389 in
1092 2325 1297 2391 commisera-

133 2433 275 2499 tionibus
303 2433 425 2499 dintios
449 2438 609 2499 versetur.
653 2434 763 2512 Atque
790 2437 826 2497 ut
848 2451 1053 2515 quaeramus,
1083 2453 1159 2499 num
1181 2451 1297 2500 versos

134 2542 248 2607 deesse
277 2541 415 2624 possint,
448 2541 476 2606 si
509 2540 640 2622 desunt,
675 2559 816 2606 conexus
844 2561 908 2608 non
935 2541 1191 2622 interrumpitur.
1237 2542 1296 2608 Sin

135 2654 244 2715 autern
270 2651 464 2731 retinentur,
495 2650 654 2732 Pylades,
686 2653 722 2715 ut
744 2668 973 2731 saepenumero
1003 2650 1037 2715 in
1060 2650 1123 2714 fine
1145 2648 1296 2732 gravium

136 2757 318 2823 orationum
339 2756 589 2838 Euripideamm
615 2757 667 2839 fit,
698 2776 751 2838 ea,
783 2776 865 2836 qrrae
892 2758 984 2822 modo
1008 2756 1105 2837 dixit,
1131 2757 1299 2823 sententia

136 2863 290 2929 universa
320 2863 488 2945 aptissime
516 2864 686 2930 confirmat
715 2870 814 2944 atque
846 2864 1019 2928 concludit.
1065 2863 1190 2946 Quare,
1220 2863 1299 2943 quia

136 2971 310 3054 Euripides
337 2971 371 3036 in
402 2973 513 3037 eodem
542 2991 640 3038 versu
670 2973 723 3038 vel
753 2972 841 3036 intra
870 2989 989 3052 paucos
1020 2989 1133 3037 versus
1161 2972 1299 3037 eandem

138 3097 250 3146 rocem
280 3078 443 3143 interdum
473 3079 609 3161 repetit,
640 3080 755 3165 (Andr.
778 3083 851 3162 432,
875 3085 947 3144 976.
975 3079 1094 3143 Bacch.
1120 3084 1191 3146 655.
1221 3078 1297 3146 Hel.

141 3193 213 3253 oto.
236 3186 307 3267 Iph.
322 3186 419 3252 Taur.
434 3191 493 3252 721
508 3205 552 3266 sq.
575 3189 646 3254 Alo.
663 3187 768 3272 1017),
792 3205 985 3266 quamquam
1007 3187 1188 3268 exemplum
1215 3186 1299 3252 eius-

137 3294 210 3360 dem
220 3293 370 3360 vocabuli
379 3294 479 3359 toties
493 3294 620 3374 quoties
634 3296 694 3360 boe
717 3297 787 3360 loco
808 3279 922 3359 iterati
944 3293 1091 3360 invenire
1112 3312 1175 3359 non
1195 3296 1298 3377 potui,

138 3408 250 3468 tamen
270 3402 419 3482 quioniam
435 3403 517 3467 haec
536 3401 690 3483 repetitio
704 3421 763 3484 per
782 3420 817 3468 se
839 3421 904 3466 non
923 3401 1005 3466 satis
1018 3383 1141 3468 certum
1161 3403 1300 3483 praebet

138 3510 401 3592 interpolationis
419 3510 582 3592 indicium,
607 3529 721 3576 versus
736 3516 798 3578 907
814 3529 858 3589 sq.
879 3510 921 3574 ab
933 3509 1090 3590 Euripide
1110 3509 1178 3590 ipso
1199 3509 1299 3574 scribi

137 3621 282 3702 potuisse
304 3639 368 3686 non
390 3620 588 3702 negaverim.

569 3839 747 3847 --——.....-.—-
753 3838 875 3844 .-..---

245 4058 397 4140 Orestes,
428 4059 564 4126 simulac
591 4060 737 4143 longiore
768 4059 933 4141 oratione,
968 4077 1051 4138 qnae
1080 4063 1154 4139 post
1186 4058 1302 4124 matris

141 4168 273 4234 caedem
295 4185 397 4248 nsque
420 4169 463 4234 ad
492 4172 621 4251 tempus
652 4187 807 4251 praesens
833 4167 896 4234 sibi
930 4167 1144 4248 accidissent,
1178 4166 1301 4234 diserte

142 4276 307 4362 exposuit,
339 4275 543 4364 Iphigeniam
566 4282 641 4346 orat
661 4281 762 4363 atque
784 4279 952 4362 obsecrat,
982 4280 1019 4342 ut
1040 4275 1144 4361 ipsum
1161 4275 1196 4341 in
1217 4275 1301 4343 deae
