<?xml version="1.0" encoding="UTF-8"?>
<!DOCTYPE html PUBLIC "-//W3C//DTD XHTML 1.0 Transitional//EN"
    "http://www.w3.org/TR/xhtml1/DTD/xhtml1-transitional.dtd">
<html xmlns="http://www.w3.org/1999/xhtml" xml:lang="en" lang="en">
 <head>
  <title>
</title>
<meta http-equiv="Content-Type" content="text/html;charset=utf-8" />
  <meta name='ocr-system' content='tesseract 3.04.00' />
  <meta name='ocr-capabilities' content='ocr_page ocr_carea ocr_par ocr_line ocrx_word'/>
</head>
<body>
  <div class='ocr_page' id='page_1' title='image "./deversibussuspe00schugoog_0016.png"; bbox 0 0 2994 4902; ppageno 0'>
   <div class='ocr_carea' id='block_1_1' title="bbox 739 279 779 334">
    <p class='ocr_par' dir='ltr' id='par_1_1' title="bbox 739 279 779 334">
     <span class='ocr_line' id='line_1_1' title="bbox 739 279 779 334; baseline 0 0"><span class='ocrx_word' id='word_1_1' title='bbox 739 279 779 334; x_wconf 85' lang='lat' dir='ltr'>IX</span> 
     </span>
    </p>
   </div>
   <div class='ocr_carea' id='block_1_2' title="bbox 165 449 1341 2036">
    <p class='ocr_par' dir='ltr' id='par_1_2' title="bbox 165 449 1341 2036">
     <span class='ocr_line' id='line_1_2' title="bbox 286 449 1334 532; baseline -0.001 -18"><span class='ocrx_word' id='word_1_2' title='bbox 286 449 376 532; x_wconf 85' lang='lat' dir='ltr'>Quae</span> <span class='ocrx_word' id='word_1_3' title='bbox 399 450 518 516; x_wconf 77' lang='lat' dir='ltr'>indicia</span> <span class='ocrx_word' id='word_1_4' title='bbox 536 451 564 516; x_wconf 91' lang='lat' dir='ltr'>si</span> <span class='ocrx_word' id='word_1_5' title='bbox 582 453 613 515; x_wconf 93' lang='lat' dir='ltr'>in</span> <span class='ocrx_word' id='word_1_6' title='bbox 628 449 866 532; x_wconf 81' lang='lat' dir='ltr'>investigandis</span> <span class='ocrx_word' id='word_1_7' title='bbox 882 449 1186 532; x_wconf 85' lang='lat' dir='ltr'>interpolationibus</span> <span class='ocrx_word' id='word_1_8' title='bbox 1201 467 1334 530; x_wconf 89' lang='lat' dir='ltr'>perpen-</span> 
     </span>
     <span class='ocr_line' id='line_1_3' title="bbox 168 557 1339 643; baseline -0.001 -21"><span class='ocrx_word' id='word_1_9' title='bbox 168 557 285 623; x_wconf 88' lang='lat' dir='ltr'>dimus</span> <span class='ocrx_word' id='word_1_10' title='bbox 314 557 532 643; x_wconf 85' lang='lat' dir='ltr'>imprimisque</span> <span class='ocrx_word' id='word_1_11' title='bbox 564 559 591 625; x_wconf 92' lang='lat' dir='ltr'>si</span> <span class='ocrx_word' id='word_1_12' title='bbox 619 558 855 624; x_wconf 87' lang='lat' dir='ltr'>sententiarum</span> <span class='ocrx_word' id='word_1_13' title='bbox 882 576 1087 642; x_wconf 84' lang='lat' dir='ltr'>progressum</span> <span class='ocrx_word' id='word_1_14' title='bbox 1122 561 1156 623; x_wconf 84' lang='lat' dir='ltr'>et</span> <span class='ocrx_word' id='word_1_15' title='bbox 1184 575 1339 623; x_wconf 83' lang='lat' dir='ltr'>conexum</span> 
     </span>
     <span class='ocr_line' id='line_1_4' title="bbox 169 664 1340 748; baseline 0.002 -20"><span class='ocrx_word' id='word_1_16' title='bbox 169 665 358 747; x_wconf 84' lang='lat' dir='ltr'>diligenter</span> <span class='ocrx_word' id='word_1_17' title='bbox 380 666 660 748; x_wconf 78' lang='lat' dir='ltr'>examinamuS,—</span> <span class='ocrx_word' id='word_1_18' title='bbox 676 665 710 730; x_wconf 90' lang='lat' dir='ltr'>in</span> <span class='ocrx_word' id='word_1_19' title='bbox 733 685 796 746; x_wconf 91' lang='lat' dir='ltr'>qua</span> <span class='ocrx_word' id='word_1_20' title='bbox 816 684 852 730; x_wconf 92' lang='lat' dir='ltr'>re</span> <span class='ocrx_word' id='word_1_21' title='bbox 874 684 911 731; x_wconf 95' lang='lat' dir='ltr'>eo</span> <span class='ocrx_word' id='word_1_22' title='bbox 931 666 1132 748; x_wconf 84' lang='lat' dir='ltr'>adiuvamur,</span> <span class='ocrx_word' id='word_1_23' title='bbox 1155 664 1340 745; x_wconf 77' lang='lat' dir='ltr'>quodEuri-</span> 
     </span>
     <span class='ocr_line' id='line_1_5' title="bbox 170 773 1339 856; baseline 0.001 -19"><span class='ocrx_word' id='word_1_24' title='bbox 170 773 278 854; x_wconf 85' lang='lat' dir='ltr'>pidea</span> <span class='ocrx_word' id='word_1_25' title='bbox 295 775 399 840; x_wconf 84' lang='lat' dir='ltr'>oratio</span> <span class='ocrx_word' id='word_1_26' title='bbox 416 774 633 856; x_wconf 76' lang='lat' dir='ltr'>sophistarum</span> <span class='ocrx_word' id='word_1_27' title='bbox 654 774 773 841; x_wconf 90' lang='lat' dir='ltr'>soholis</span> <span class='ocrx_word' id='word_1_28' title='bbox 792 773 924 839; x_wconf 84' lang='lat' dir='ltr'>exonlta</span> <span class='ocrx_word' id='word_1_29' title='bbox 940 777 990 838; x_wconf 88' lang='lat' dir='ltr'>est</span> <span class='ocrx_word' id='word_1_30' title='bbox 1006 778 1042 838; x_wconf 86' lang='lat' dir='ltr'>et</span> <span class='ocrx_word' id='word_1_31' title='bbox 1056 773 1159 854; x_wconf 86' lang='lat' dir='ltr'>polita</span> <span class='ocrx_word' id='word_1_32' title='bbox 1175 791 1215 838; x_wconf 86' lang='lat' dir='ltr'>ao</span> <span class='ocrx_word' id='word_1_33' title='bbox 1235 791 1339 838; x_wconf 90' lang='lat' dir='ltr'>sermo</span> 
     </span>
     <span class='ocr_line' id='line_1_6' title="bbox 168 881 1338 964; baseline -0.003 -16"><span class='ocrx_word' id='word_1_34' title='bbox 168 900 279 963; x_wconf 85' lang='lat' dir='ltr'>purus</span> <span class='ocrx_word' id='word_1_35' title='bbox 302 887 336 948; x_wconf 93' lang='lat' dir='ltr'>et</span> <span class='ocrx_word' id='word_1_36' title='bbox 358 883 508 964; x_wconf 86' lang='lat' dir='ltr'>liquidus,</span> <span class='ocrx_word' id='word_1_37' title='bbox 532 887 569 948; x_wconf 94' lang='lat' dir='ltr'>ut</span> <span class='ocrx_word' id='word_1_38' title='bbox 590 883 623 948; x_wconf 90' lang='lat' dir='ltr'>in</span> <span class='ocrx_word' id='word_1_39' title='bbox 642 882 729 949; x_wconf 90' lang='lat' dir='ltr'>omni</span> <span class='ocrx_word' id='word_1_40' title='bbox 746 881 947 946; x_wconf 77' lang='lat' dir='ltr'>obscuritate</span> <span class='ocrx_word' id='word_1_41' title='bbox 964 885 999 946; x_wconf 86' lang='lat' dir='ltr'>et</span> <span class='ocrx_word' id='word_1_42' title='bbox 1018 881 1216 946; x_wconf 79' lang='lat' dir='ltr'>difficultate</span> <span class='ocrx_word' id='word_1_43' title='bbox 1240 882 1338 946; x_wconf 89' lang='lat' dir='ltr'>etiarn</span> 
     </span>
     <span class='ocr_line' id='line_1_7' title="bbox 167 987 1340 1072; baseline -0.002 -18"><span class='ocrx_word' id='word_1_44' title='bbox 167 989 306 1054; x_wconf 85' lang='lat' dir='ltr'>leviore</span> <span class='ocrx_word' id='word_1_45' title='bbox 328 991 529 1072; x_wconf 72' lang='lat' dir='ltr'>haereamus</span> <span class='ocrx_word' id='word_1_46' title='bbox 552 1029 593 1038; x_wconf 89' lang='grc'><strong>-</strong></span> <span class='ocrx_word' id='word_1_47' title='bbox 616 1007 782 1072; x_wconf 87' lang='lat' dir='ltr'>speramus</span> <span class='ocrx_word' id='word_1_48' title='bbox 804 988 883 1070; x_wconf 87' lang='lat' dir='ltr'>fore,</span> <span class='ocrx_word' id='word_1_49' title='bbox 907 993 945 1054; x_wconf 86' lang='lat' dir='ltr'>ut</span> <span class='ocrx_word' id='word_1_50' title='bbox 966 987 1199 1070; x_wconf 83' lang='lat' dir='ltr'>praeiudicatis</span> <span class='ocrx_word' id='word_1_51' title='bbox 1220 988 1340 1069; x_wconf 90' lang='lat' dir='ltr'>opinio·</span> 
     </span>
     <span class='ocr_line' id='line_1_8' title="bbox 165 1095 1338 1178; baseline -0.002 -14"><span class='ocrx_word' id='word_1_52' title='bbox 165 1097 274 1164; x_wconf 90' lang='lat' dir='ltr'>uibus</span> <span class='ocrx_word' id='word_1_53' title='bbox 296 1116 359 1164; x_wconf 90' lang='lat' dir='ltr'>non</span> <span class='ocrx_word' id='word_1_54' title='bbox 381 1097 532 1164; x_wconf 89' lang='lat' dir='ltr'>admissis</span> <span class='ocrx_word' id='word_1_55' title='bbox 554 1098 762 1178; x_wconf 86' lang='lat' dir='ltr'>aliquatenus</span> <span class='ocrx_word' id='word_1_56' title='bbox 782 1098 901 1162; x_wconf 88' lang='lat' dir='ltr'>saltem</span> <span class='ocrx_word' id='word_1_57' title='bbox 920 1095 1169 1178; x_wconf 53' lang='lat' dir='ltr'>perspiciamus</span> <span class='ocrx_word' id='word_1_58' title='bbox 1198 1096 1275 1178; x_wconf 86' lang='lat' dir='ltr'>quid</span> <span class='ocrx_word' id='word_1_59' title='bbox 1297 1097 1338 1162; x_wconf 94' lang='lat' dir='ltr'>de</span> 
     </span>
     <span class='ocr_line' id='line_1_9' title="bbox 166 1203 1336 1284; baseline -0.001 -15"><span class='ocrx_word' id='word_1_60' title='bbox 166 1221 303 1284; x_wconf 89' lang='lat' dir='ltr'>quoque</span> <span class='ocrx_word' id='word_1_61' title='bbox 335 1203 405 1269; x_wconf 87' lang='lat' dir='ltr'>loeo</span> <span class='ocrx_word' id='word_1_62' title='bbox 438 1205 648 1270; x_wconf 86' lang='lat' dir='ltr'>statuendum</span> <span class='ocrx_word' id='word_1_63' title='bbox 682 1203 734 1269; x_wconf 88' lang='lat' dir='ltr'>sit.</span> <span class='ocrx_word' id='word_1_64' title='bbox 780 1203 860 1269; x_wconf 81' lang='lat' dir='ltr'>Cum</span> <span class='ocrx_word' id='word_1_65' title='bbox 893 1208 1004 1269; x_wconf 88' lang='lat' dir='ltr'>autem</span> <span class='ocrx_word' id='word_1_66' title='bbox 1040 1204 1204 1284; x_wconf 84' lang='lat' dir='ltr'>complura</span> <span class='ocrx_word' id='word_1_67' title='bbox 1238 1203 1336 1268; x_wconf 88' lang='lat' dir='ltr'>inter·</span> 
     </span>
     <span class='ocr_line' id='line_1_10' title="bbox 166 1309 1339 1398; baseline 0 -22"><span class='ocrx_word' id='word_1_68' title='bbox 166 1309 353 1393; x_wconf 87' lang='lat' dir='ltr'>polationis</span> <span class='ocrx_word' id='word_1_69' title='bbox 374 1311 496 1376; x_wconf 83' lang='lat' dir='ltr'>iudicia</span> <span class='ocrx_word' id='word_1_70' title='bbox 515 1311 572 1398; x_wconf 76' lang='lat' dir='ltr'>(of.</span> <span class='ocrx_word' id='word_1_71' title='bbox 596 1330 651 1393; x_wconf 88' lang='lat' dir='ltr'>ea,</span> <span class='ocrx_word' id='word_1_72' title='bbox 675 1331 758 1392; x_wconf 87' lang='lat' dir='ltr'>quae</span> <span class='ocrx_word' id='word_1_73' title='bbox 780 1313 861 1377; x_wconf 84' lang='lat' dir='ltr'>loeis</span> <span class='ocrx_word' id='word_1_74' title='bbox 882 1317 987 1378; x_wconf 88' lang='grc'>9-13</span> <span class='ocrx_word' id='word_1_75' title='bbox 1011 1311 1283 1397; x_wconf 85' lang='lat' dir='ltr'>enumeravimus)</span> <span class='ocrx_word' id='word_1_76' title='bbox 1305 1311 1339 1376; x_wconf 93' lang='lat' dir='ltr'>iu</span> 
     </span>
     <span class='ocr_line' id='line_1_11' title="bbox 166 1418 1339 1504; baseline -0.001 -20"><span class='ocrx_word' id='word_1_77' title='bbox 166 1419 236 1484; x_wconf 83' lang='lat' dir='ltr'>hae</span> <span class='ocrx_word' id='word_1_78' title='bbox 252 1418 367 1484; x_wconf 86' lang='lat' dir='ltr'>fabula</span> <span class='ocrx_word' id='word_1_79' title='bbox 379 1418 448 1486; x_wconf 86' lang='lat' dir='ltr'>fere</span> <span class='ocrx_word' id='word_1_80' title='bbox 462 1420 578 1501; x_wconf 83' lang='lat' dir='ltr'>desint,</span> <span class='ocrx_word' id='word_1_81' title='bbox 594 1420 628 1486; x_wconf 92' lang='lat' dir='ltr'>iu</span> <span class='ocrx_word' id='word_1_82' title='bbox 645 1420 783 1504; x_wconf 83' lang='lat' dir='ltr'>singulis</span> <span class='ocrx_word' id='word_1_83' title='bbox 795 1425 904 1487; x_wconf 86' lang='lat' dir='ltr'>autem</span> <span class='ocrx_word' id='word_1_84' title='bbox 916 1420 1063 1486; x_wconf 82' lang='lat' dir='ltr'>versibus</span> <span class='ocrx_word' id='word_1_85' title='bbox 1077 1418 1206 1501; x_wconf 87' lang='lat' dir='ltr'>saepius</span> <span class='ocrx_word' id='word_1_86' title='bbox 1218 1418 1339 1484; x_wconf 88' lang='lat' dir='ltr'>indieia</span> 
     </span>
     <span class='ocr_line' id='line_1_12' title="bbox 165 1525 1340 1610; baseline -0.002 -18"><span class='ocrx_word' id='word_1_87' title='bbox 165 1527 265 1592; x_wconf 88' lang='lat' dir='ltr'>iuter</span> <span class='ocrx_word' id='word_1_88' title='bbox 294 1543 330 1591; x_wconf 92' lang='lat' dir='ltr'>se</span> <span class='ocrx_word' id='word_1_89' title='bbox 357 1526 455 1610; x_wconf 90' lang='lat' dir='ltr'>plane</span> <span class='ocrx_word' id='word_1_90' title='bbox 484 1527 614 1593; x_wconf 89' lang='lat' dir='ltr'>diversa</span> <span class='ocrx_word' id='word_1_91' title='bbox 646 1526 819 1594; x_wconf 82' lang='lat' dir='ltr'>coniuncto</span> <span class='ocrx_word' id='word_1_92' title='bbox 848 1527 1067 1609; x_wconf 85' lang='lat' dir='ltr'>inveniantur,</span> <span class='ocrx_word' id='word_1_93' title='bbox 1099 1539 1182 1606; x_wconf 88' lang='lat' dir='ltr'>quae</span> <span class='ocrx_word' id='word_1_94' title='bbox 1211 1525 1340 1590; x_wconf 89' lang='lat' dir='ltr'>ratione</span> 
     </span>
     <span class='ocr_line' id='line_1_13' title="bbox 166 1634 1341 1716; baseline -0.001 -17"><span class='ocrx_word' id='word_1_95' title='bbox 166 1639 205 1699; x_wconf 87' lang='lat' dir='ltr'>et</span> <span class='ocrx_word' id='word_1_96' title='bbox 220 1635 282 1699; x_wconf 86' lang='lat' dir='ltr'>via</span> <span class='ocrx_word' id='word_1_97' title='bbox 304 1634 430 1699; x_wconf 82' lang='lat' dir='ltr'>secerni</span> <span class='ocrx_word' id='word_1_98' title='bbox 451 1639 626 1716; x_wconf 89' lang='lat' dir='ltr'>nequeant,</span> <span class='ocrx_word' id='word_1_99' title='bbox 645 1634 783 1715; x_wconf 88' lang='lat' dir='ltr'>denique</span> <span class='ocrx_word' id='word_1_100' title='bbox 799 1635 874 1715; x_wconf 88' lang='lat' dir='ltr'>quia</span> <span class='ocrx_word' id='word_1_101' title='bbox 893 1654 957 1701; x_wconf 92' lang='lat' dir='ltr'>uon</span> <span class='ocrx_word' id='word_1_102' title='bbox 970 1652 1081 1700; x_wconf 90' lang='lat' dir='ltr'>omnes</span> <span class='ocrx_word' id='word_1_103' title='bbox 1091 1637 1260 1715; x_wconf 84' lang='lat' dir='ltr'>suspectos</span> <span class='ocrx_word' id='word_1_104' title='bbox 1281 1639 1341 1699; x_wconf 85' lang='lat' dir='ltr'>aut</span> 
     </span>
     <span class='ocr_line' id='line_1_14' title="bbox 169 1740 1339 1824; baseline -0.001 -18"><span class='ocrx_word' id='word_1_105' title='bbox 169 1740 397 1822; x_wconf 84' lang='lat' dir='ltr'>interpolatos</span> <span class='ocrx_word' id='word_1_106' title='bbox 410 1760 525 1808; x_wconf 88' lang='lat' dir='ltr'>versus</span> <span class='ocrx_word' id='word_1_107' title='bbox 539 1741 731 1808; x_wconf 76' lang='lat' dir='ltr'>tractandos</span> <span class='ocrx_word' id='word_1_108' title='bbox 746 1760 831 1807; x_wconf 90' lang='lat' dir='ltr'>nuno</span> <span class='ocrx_word' id='word_1_109' title='bbox 850 1743 942 1808; x_wconf 88' lang='lat' dir='ltr'>uobis</span> <span class='ocrx_word' id='word_1_110' title='bbox 961 1741 1192 1824; x_wconf 87' lang='lat' dir='ltr'>proposuimus,</span> <span class='ocrx_word' id='word_1_111' title='bbox 1216 1742 1339 1822; x_wconf 85' lang='lat' dir='ltr'>oiasses</span> 
     </span>
     <span class='ocr_line' id='line_1_15' title="bbox 166 1848 1339 1931; baseline -0.001 -16"><span class='ocrx_word' id='word_1_112' title='bbox 166 1867 287 1916; x_wconf 89' lang='lat' dir='ltr'>eorum</span> <span class='ocrx_word' id='word_1_113' title='bbox 317 1868 381 1914; x_wconf 92' lang='lat' dir='ltr'>non</span> <span class='ocrx_word' id='word_1_114' title='bbox 411 1849 637 1931; x_wconf 71' lang='lat' dir='ltr'>metiundum,</span> <span class='ocrx_word' id='word_1_115' title='bbox 667 1850 724 1916; x_wconf 91' lang='lat' dir='ltr'>sed</span> <span class='ocrx_word' id='word_1_116' title='bbox 754 1868 825 1915; x_wconf 87' lang='lat' dir='ltr'>eam</span> <span class='ocrx_word' id='word_1_117' title='bbox 849 1868 945 1930; x_wconf 89' lang='lat' dir='ltr'>quam</span> <span class='ocrx_word' id='word_1_118' title='bbox 973 1849 1085 1915; x_wconf 79' lang='lat' dir='ltr'>fabula</span> <span class='ocrx_word' id='word_1_119' title='bbox 1109 1848 1180 1930; x_wconf 88' lang='lat' dir='ltr'>ipsa</span> <span class='ocrx_word' id='word_1_120' title='bbox 1201 1849 1339 1930; x_wconf 85' lang='lat' dir='ltr'>praebet</span> 
     </span>
     <span class='ocr_line' id='line_1_16' title="bbox 167 1957 791 2036; baseline 0.003 -13"><span class='ocrx_word' id='word_1_121' title='bbox 167 1957 264 2024; x_wconf 88' lang='lat' dir='ltr'>viam</span> <span class='ocrx_word' id='word_1_122' title='bbox 287 1957 486 2036; x_wconf 88' lang='lat' dir='ltr'>sequendam</span> <span class='ocrx_word' id='word_1_123' title='bbox 509 1976 580 2023; x_wconf 91' lang='lat' dir='ltr'>esse</span> <span class='ocrx_word' id='word_1_124' title='bbox 600 1959 791 2026; x_wconf 83' lang='lat' dir='ltr'>censuimus.</span> 
     </span>
    </p>
   </div>
   <div class='ocr_carea' id='block_1_3' title="bbox 0 0 1502 4902">
    <p class='ocr_par' dir='ltr' id='par_1_3' title="bbox 0 0 1502 4902">
     <span class='ocr_line' id='line_1_17' title="bbox 0 0 1502 4902; baseline 0 0"><span class='ocrx_word' id='word_1_125' title='bbox 0 0 1502 4902; x_wconf 95' lang='lat' dir='ltr'> </span> 
     </span>
    </p>
   </div>
  </div>
 </body>
</html>
