2994 4902
646 301 859 362 ..23-

167 468 297 534 Contra
310 469 478 536 contendit
490 469 648 551 Haudius,
672 469 851 534 huiusmodi
874 468 1054 534 orationem
1076 489 1139 534 uon
1160 469 1330 550 prudentis

166 577 230 643 sed
252 577 421 643 admodum
444 577 554 644 stolidi
577 595 647 643 esse
668 576 816 643 hominis.
847 577 940 660 Nam,
964 581 1002 642 ut
1010 575 1119 643 verbis
1138 577 1225 642 illius
1244 579 1329 658 utar,

166 683 324 751 dubitare
355 685 482 766 quidem
511 685 567 751 ille
593 675 725 768 poterat
757 685 797 750 de
819 684 874 752 via
904 704 944 750 ac
974 686 1066 751 modo
1094 686 1242 767 agendae
1271 685 1328 769 rei,

166 793 314 860 fortasse
334 793 434 860 etiam
449 795 622 876 desperare
640 795 680 859 de
702 797 836 861 eventu:
860 798 897 858 at
912 793 1075 860 stultitiae
1098 800 1180 877 erat,
1204 793 1237 859 iu
1259 794 1330 876 ipsa

165 922 205 968 re
227 903 450 986 aggredienda
472 902 628 985 profiteri,
651 921 686 968 se
709 901 790 966 nihil
813 902 914 982 scire,
937 919 997 967 nec
1020 903 1175 982 quomodo
1198 902 1330 968 delites·

165 1016 264 1078 ceret
285 1012 319 1077 iu
338 1011 543 1078 ascendendo
560 1017 682 1078 muro.“
726 1009 818 1076 Haec
836 1013 1000 1092 postrema
1019 1010 1195 1091 sententia,
1220 1029 1330 1090 quam-

165 1139 268 1202 quam
295 1119 323 1185 si
354 1119 506 1186 universe
536 1119 759 1202 intellegitur,
791 1119 861 1185 veri
895 1118 1137 1186 similitudinem
1168 1119 1330 1200 quandam

163 1229 285 1310 habet,
317 1232 426 1294 tameo
451 1247 527 1294 uum
551 1229 611 1293 hoc
638 1228 708 1293 loco
730 1236 823 1294 recta
846 1227 890 1293 sit
912 1228 1010 1293 valde
1031 1227 1152 1294 dubito.
1196 1227 1330 1294 Etenim

164 1335 307 1403 Orestes
329 1341 366 1401 ut
387 1354 436 1403 vs.
454 1343 514 1404 100
528 1355 577 1417 sq.
602 1354 674 1401 oum
695 1334 798 1400 amico
822 1335 1046 1416 communicat,
1069 1354 1126 1401 cur
1149 1336 1188 1401 de
1210 1341 1330 1404 conatu

162 1451 298 1528 portam
318 1444 483 1527 aperiendi
503 1445 661 1511 desistere
692 1444 829 1526 debeat,
860 1444 908 1509 ita
941 1443 1038 1510 etiam
1071 1463 1102 1509 v.
1136 1450 1177 1510 98
1208 1444 1330 1511 addere

162 1559 295 1636 potest,
325 1552 391 1620 vel*
407 1553 516 1635 potius
538 1558 672 1635 propter
693 1550 849 1618 orationis
873 1551 1127 1617 concinnitatem
1149 1550 1252 1616 addat
1274 1569 1330 1617 ue-

163 1680 262 1728 eesse
286 1665 346 1743 est,
371 1679 428 1727 cur
449 1660 519 1726 lieri
543 1665 694 1742 nequeat,
718 1662 755 1725 ut
770 1659 854 1724 muri
874 1663 1078 1742 superentur.
1122 1658 1173 1724 De
1189 1659 1330 1725 lectione

162 1763 329 1855 λάθοιμεν
353 1772 462 1835 autem
490 1770 571 1834 haec
598 1768 677 1834 milri
706 1768 844 1834 dicenda
871 1768 1033 1836 videntur.
1078 1767 1258 1850 Peregrini,
1282 1768 1331 1834 ita

162 1881 240 1946 fere
260 1897 325 1944 non
346 1878 416 1944 siue
438 1878 508 1944 veri
538 1877 750 1943 similitudine
779 1878 918 1955 quadam
945 1876 1093 1958 disputat
1114 1875 1330 1960 HartuugiuS,

163 1989 228 2056 sub
251 1988 357 2053 lucem
386 1987 442 2072 (cf.
464 2005 494 2054 v.
516 1987 571 2072 42)
596 2002 661 2050 non
690 2003 728 2052 eo
751 1985 885 2052 consilio
906 1985 946 2050 iu
976 2003 1108 2051 scenam
1129 1985 1329 2068 prodierunt,

163 2103 202 2164 ut
221 2097 306 2162 deae
326 2096 531 2162 simulacrum
554 2094 666 2160 statim
696 2091 883 2167 auferrent,
912 2094 969 2159 sed
998 2097 1037 2158 ut
1066 2092 1164 2158 situm
1195 2091 1265 2158 fani
1295 2099 1331 2159 et

161 2211 320 2272 naturam
344 2203 591 2285 specularentur
610 2206 651 2284 (v.
674 2205 815 2280 67-76)
840 2220 880 2268 ac
902 2201 1149 2284 constituerent,
1174 2202 1330 2281 quomodo

162 2335 207 2382 ex
236 2311 378 2380 aedificii
397 2311 582 2378 conditione
605 2314 703 2376 noctu
726 2314 872 2376 statuam
894 2309 1096 2391 surriperent
1117 2308 1172 2394 (of.
1196 2326 1227 2380 v.
1246 2310 1330 2396 110).

161 2425 286 2502 Itaque
307 2439 379 2486 cum
401 2420 525 2502 aedem,
551 2437 647 2499 quam
668 2420 796 2500 petunt,
821 2417 1045 2501 cognoverint,
1067 2415 1246 2498 proximum
1268 2420 1329 2499 est,

162 2538 203 2598 ut
236 2530 422 2612 explorent,
452 2547 516 2610 qua
546 2527 674 2594 ratione
702 2543 788 2592 nuuc
816 2525 992 2592 introeant.
1039 2523 1197 2606 Quoniam
1220 2528 1331 2589 autem

162 2641 229 2708 sub
243 2638 322 2704 solis
333 2642 439 2704 ortum
460 2637 640 2719 periculum
662 2639 722 2716 est,
746 2652 788 2699 ne
808 2653 916 2700 muros
934 2633 1147 2699 ascendentes
1167 2631 1331 2698 hominum

162 2747 279 2814 oculos
300 2746 334 2811 iu
356 2765 391 2811 se
414 2746 626 2824 convertant,
650 2742 737 2809 haud
765 2741 877 2824 inepte
899 2740 1033 2806 Orestes
1056 2739 1219 2805 sciscitari
1241 2739 1329 2806 vide-

164 2863 241 2923 tur:
275 2859 348 2932 πώς
371 2904 378 2919 .
403 2905 409 2919 .
434 2903 441 2918 .
466 2842 526 2918 οὖν
557 2845 716 2936 λάθοιμεν
741 2845 799 2930 dv;
839 2850 930 2932 Quae
957 2848 1086 2929 quidem
1113 2847 1330 2930 interrogatio

164 2965 276 3032 miuus
292 2967 370 3046 apto
393 2962 555 3028 collocata
577 2964 665 3025 esset
686 2961 767 3040 loco,
790 2959 817 3023 si
828 2958 963 3023 Orestes
974 2960 1145 3036 metueret,
1169 2974 1211 3022 oe
1233 2960 1331 3023 nocte

164 3072 259 3140 socia
287 3070 511 3148 delitesceret,
543 3086 661 3148 quare,
696 3072 734 3132 ut
762 3066 892 3147 opinor,
927 3065 1064 3130 eandem
1093 3063 1328 3130 dubitationem

164 3183 285 3246 contra
306 3177 411 3244 simile
432 3176 514 3242 illud
523 3175 658 3258 Pyladis
671 3174 839 3242 consilium
853 3192 917 3238 uon
937 3173 1073 3255 profert.
1104 3171 1329 3255 ScheukeliuS,

164 3289 221 3356 cui
243 3287 433 3353 dubitanter
456 3283 636 3350 assentitur
658 3282 897 3363 WeckleiniuS‚
922 3279 1088 3364 proposuit
1109 3278 1329 3346 coniecturam

163 3399 242 3474 πῶς
261 3390 302 3460 ἂν
323 3393 594 3477 εἰσέλθωμεν
615 3385 657 3455 ἄν
680 3390 811 3478 (Philol.
825 3390 901 3456 XX.
927 3390 988 3456 vol.
1011 3409 1043 3470 p.
1065 3392 1152 3470 328).

272 3505 382 3584 Atque
412 3505 450 3566 ut
482 3501 524 3566 ad
554 3500 694 3566 alteram
723 3499 847 3564 Handii
883 3499 1080 3564 seutentiam
1115 3499 1330 3578 revertamur,

164 3632 227 3698 per
249 3631 284 3678 se
305 3609 527 3692 intellegitur,
552 3628 641 3690 eum,
671 3608 726 3689 qui
748 3608 892 3674 clausam
920 3611 1047 3688 portam
1070 3603 1219 3686 aedificii,
1246 3605 1330 3684 quod

164 3738 343 3800 numquam
366 3725 467 3784 antea
488 3717 572 3800 iniit,
595 3717 817 3799 aperirevult,
836 3717 980 3782 claustra
997 3714 1157 3797 ignorare.
1179 3712 1330 3798 (Bergk.)

165 3828 269 3894 Porro
290 3825 432 3893 Kvicala
452 3825 589 3906 monuit,
624 3824 791 3904 Orestem,
823 3823 849 3888 si
873 3822 1032 3902 nesciret,
1064 3820 1220 3901 quomodo
1243 3820 1330 3885 iores

165 3955 209 4002 ex
239 3934 394 4000 interiora
416 3939 511 4014 parte
534 3932 665 3999 clausae
689 3937 723 3997 et
746 3929 942 4014 aperiendae
965 3933 1093 4009 essent,
1127 3927 1236 3992 lacere
1266 3945 1329 3993 non

164 4059 273 4127 posse,
297 4042 373 4122 quin
397 4059 453 4108 eas
474 4042 665 4124 patefacere
683 4040 769 4108 velle
786 4039 970 4104 desisteret.
1016 4036 1111 4102 Hanc
1134 4037 1174 4102 ob
1197 4054 1328 4102 causam

165 4169 233 4220 nou
257 4150 406 4233 perspici,
429 4169 487 4218 cur
509 4151 623 4216 statim
647 4155 799 4232 pergeret
821 4143 860 4236 ἢν
883 4141 1100 4232 δ’ᾰνοίγουτις
1121 4138 1228 4222 πόλις
1249 4149 1328 4230 ipp-

166 4261 301 4344 θώμιν;
333 4259 380 4324 sic
401 4258 485 4325 euim
508 4259 685 4340 periculum
708 4258 749 4322 ab
780 4276 817 4323 en
847 4255 970 4322 diserte
992 4252 1146 4334 describi,
1175 4253 1259 4332 quod
1286 4270 1327 4318 ue

165 4367 306 4436 auderet
334 4367 461 4450 quidem
493 4367 590 4434 obire.
637 4367 709 4434 Huc
733 4364 926 4450 gravissima
948 4381 1048 4430 eausa
1069 4359 1213 4442 accedit,
1244 4359 1328 4442 ‹puod
