2994 4902
653 314 866 374 ...61-

287 483 361 546 735.
384 473 486 565 ὅρκον
510 475 601 546 δότω
623 504 679 566 μοι
699 477 798 548 τάσδε
818 475 1041 567 πορθμεύσειν
1061 475 1189 568 γράφεις

287 593 360 653 736.
382 587 467 673 πρὸς
479 583 604 673 Ἄργος,
628 584 694 655 οῖσι
715 582 874 676 βούλομαι
893 589 1020 674 πέμψαι
1043 591 1161 672 φίλων.

163 693 302 760 Versus
325 701 386 760 736
407 701 578 778 suspectus
598 696 780 781 Badhamo,
817 698 944 779 spurius
965 696 1085 763 Weilio
1110 697 1149 763 G.
1169 697 1336 765 Dindorfio

161 803 385 869 Weckleinio
405 803 554 870 Witteno
576 811 618 886 (p.
642 806 698 892 29)
719 805 859 888 videtur,
882 803 1056 886 quierem,
1079 823 1162 886 quae
1183 812 1339 887 sequatur

159 913 253 998 (uss.
282 916 346 976 744
368 915 439 1000 sp),
464 913 655 994 praecipiat,
679 913 801 979 otiosus
823 913 876 994 sit,
908 913 1010 980 violet
1030 913 1303 998 stichomythiam.

280 1019 454 1103 Iphigenia
477 1021 604 1086 Orestis
626 1021 892 1104 interrogatione,
915 1039 979 1101 que
1002 1021 1090 1087 illius
1111 1024 1216 1088 oratio
1236 1023 1336 1090 inter-

162 1129 351 1211 rumpitur,
363 1129 438 1210 quid
450 1129 533 1196 velit
555 1130 828 1211 comprehendere
849 1129 986 1212 cogitur.
1030 1130 1148 1212 Itaque
1160 1150 1231 1197 cum
1245 1134 1337 1200 modo

160 1235 345 1316 timuerit,
376 1253 435 1318 ne,
461 1235 516 1316 qui
543 1235 713 1317 epistolem
736 1238 843 1320 Argos
861 1237 990 1302 laturus
1021 1237 1081 1318 sit,
1117 1257 1135 1303 e
1159 1239 1338 1306 Taurorum

158 1349 267 1409 terra
297 1361 448 1425 egressus
469 1343 625 1408 mandate
646 1362 704 1425 pro
730 1343 830 1410 nihilo
864 1344 979 1426 ducet,
1011 1363 1050 1411 ec
1081 1357 1153 1411 cum
1186 1347 1335 1413 nuntium

159 1452 258 1518 velit
291 1450 422 1516 mittere
455 1450 656 1532 potissimum
690 1451 721 1516 ei
748 1470 842 1532 quem
874 1451 1074 1518 carissimum
1108 1453 1230 1520 hebeat
1254 1458 1335 1532 (vso.

160 1566 237 1627 639
262 1561 335 1643 sp),
357 1558 579 1625 iusiurandum
599 1559 793 1641 proponenti
811 1564 967 1626 accurate
990 1560 1052 1625 sibi
1072 1561 1242 1628 dicendum
1263 1583 1334 1630 esse

161 1672 307 1749 censet,
343 1683 407 1746 quo
438 1671 473 1732 et
504 1667 546 1732 ed
577 1686 670 1747 quem
702 1667 837 1734 litterae
870 1667 1067 1734 deserendae
1100 1669 1174 1738 sint.
1226 1671 1337 1739 Verba

160 1769 273 1842 τάσδε
294 1769 516 1859 πορθμεύσειν
537 1770 664 1860 γράφας
686 1770 772 1860 πρός
789 1769 906 1861 Ἄργος
930 1771 995 1841 οἶοι
1024 1769 1184 1862 βούλομαι
1209 1781 1338 1864 πέμψαι

163 1887 296 1970 φίλων,
320 1899 392 1946 cum
415 1881 529 1946 eadem
551 1881 621 1947 iere
639 1883 729 1948 intra
750 1901 871 1965 paucos
892 1901 1008 1949 versus
1024 1884 1074 1949 his

887 1985 1039 2076 (ἀγγεῖλαί
1060 1993 1092 2055 τί
1113 1995 1182 2077 μοι)

287 2099 359 2162 583.
382 2090 644 2182 πρὸςἎργος
665 2094 778 2163 ἐλθών
798 2111 888 2176 τοῖς
910 2098 1028 2184 ἐμοῑς
1046 2097 1136 2164 ἐκεῖ
1153 2102 1295 2184 φίλοις

383 2202 535 2267 δέλτον
555 2198 583 2268 c'
602 2201 788 2288 ἐνεγκεῖν

285 2314 355 2374 589.
381 2305 596 2396 εἰς”Αργος
617 2300 717 2390 αὖθις
735 2307 809 2389 τὰς
830 2307 928 2398 ἐμὰς
950 2311 1179 2391 ἐπιστολὰς

383 2419 562 2503 πέμψειε
584 2422 802 2498 nocentur
826 2418 936 2505 ἐμῶν
956 2421 1092 2503 φίλων
1113 2425 1198 2488 τινί

537 2532 571 2592 et

281 2637 352 2698 733.
376 2625 395 2698 ὃ
414 2629 538 2719 τήνδε
559 2634 724 2720 μέλλων
748 2635 900 2701 δέλτον
919 2631 1133 2721 εἰςἎργος
1152 2639 1299 2724 φέρειν

286 2745 358 2808 767.
381 2735 563 2828 σήμαινειῗ
585 2730 614 2829 ᾧ
635 2739 709 2829 χρὴ
728 2736 840 2809 τάσδ’
875 2740 1104 2821 ἐπιστολὰς
1124 2745 1272 2832 φέρειν

380 2847 489 2935 πρὸς
502 2845 647 2936 ’Ἀθινς

169 2955 404 3040 inveniantur,
434 2959 528 3038 quasi
557 2958 744 3041 formulam,
776 2976 859 3039 quae
881 2963 1052 3040 utromque
1073 2959 1204 3026 illarum
1227 2979 1335 3027 rerum

172 3063 342 3146 continet,
365 3065 539 3149 Euripides
560 3066 726 3149 adhibuit,
757 3071 795 3132 ut
814 3051 865 3142 id,
888 3067 973 3148 quod
989 3067 1215 3150 gravissimum
1237 3076 1335 3152 esset,

171 3191 197 3237 a
220 3174 460 3252 spectatoribus
475 3175 802 3243 animadverteretur.
830 3175 948 3256 Itaque
969 3194 1099 3244 versum
1111 3182 1172 3243 736
1188 3195 1251 3244 non
1264 3178 1334 3244 sine

171 3278 311 3346 consilio
324 3299 345 3346 a
354 3287 453 3363 poeta
463 3283 619 3366 scriptum
635 3301 707 3349 esse
723 3289 913 3366 partemque
927 3303 1036 3352 eorum
1052 3303 1135 3367 quoe
1151 3287 1244 3352 modo
1264 3305 1335 3369 pro-

173 3387 416 3455 nuntiatasunt
430 3397 580 3473 repetere
591 3393 784 3474 putaverim.
798 3392 858 3458 Cui
872 3393 1066 3476 sententiae,
1077 3394 1335 3476 quandoquidem

173 3514 278 3564 causo
288 3497 493 3580 repetitionis
505 3501 679 3567 manifeste
691 3505 753 3583 est,
766 3519 836 3567 meo
847 3501 1011 3568 arbitratu
1028 3520 1091 3568 non
1104 3502 1225 3586 obstat,
1251 3505 1335 3584 quod

172 3606 272 3688 paulo
289 3607 491 3688 portitorum
511 3609 551 3674 de
567 3609 608 3675 iis
626 3610 746 3692 agitur,
765 3610 808 3676 cd
826 3628 905 3691 quos
923 3611 1062 3692 epistola
1071 3609 1267 3694 perferenda
1281 3613 1335 3680 sit.

279 3712 409 3795 Restat,
428 3721 466 3780 ut
487 3715 527 3781 de
552 3715 693 3782 numeris
707 3734 859 3784 versuum
879 3735 1080 3798 quaeramus.
1112 3718 1336 3786 Weckleinius

174 3825 212 3886 et
237 3818 375 3888 Weilius
397 3823 631 3904 aequalitatem
654 3843 764 3891 eorum
779 3826 854 3892 inde
874 3844 942 3892 av.
959 3831 1022 3892 734
1043 3827 1187 3910 incipere
1204 3833 1334 3911 potant3

173 3933 275 4009 atque
305 3930 392 3996 alter
429 3930 556 4013 quidem
585 3939 776 4016 propterea,
804 3934 880 4015 quic
909 3935 1082 4017 Euripides
1109 3953 1239 4004 versum
1271 3943 1334 4006 733

175 4036 270 4118 quasi
291 4036 463 4105 formulam
485 4041 769 4124 stichomythiccm
790 4043 972 4125 usurparit3
1002 4043 1103 4126 alter,
1132 4046 1217 4126 quod
1238 4063 1335 4113 versu

177 4149 240 4212 733
262 4145 371 4212 deleto
391 4148 491 4232 locun,
515 4167 577 4230 quo
599 4155 720 4234 agatur
743 4151 784 4217 de
805 4151 1021 4234 iureiurando,
1045 4153 1125 4218 duas
1140 4155 1334 4238 complecta·

175 4259 232 4320 tur
261 4259 372 4336 partes
400 4274 597 4326 novenomm
628 4277 778 4327 versuum
802 4259 1094 4348 (734-743--744
1114 4268 1224 4346 732).
1270 4265 1334 4332 Sed

176 4379 253 4427 num
275 4363 309 4428 in
332 4363 470 4432 formula
491 4365 559 4448 ille,
583 4367 700 4450 quippe
725 4387 807 4450 quae
830 4369 863 4435 in
886 4374 1003 4450 quarto
1025 4369 1170 4454 demum,
1206 4391 1269 4440 non
1301 4375 1334 4440 in
