2994 4902
618 264 831 326 ...64-

147 429 264 510 Itaque
274 447 343 494 meo
352 428 479 508 quidem
488 427 606 495 iudicio
616 448 680 497 non
691 431 761 496 sina
772 449 871 498 causa
882 431 921 497 G.
935 433 1141 501 Hermannus
1153 436 1304 518 coniecit,

145 537 237 603 illum
254 555 381 604 versum
408 536 450 602 ad
479 555 550 602 eam
573 537 769 618 pertinuisse
791 541 1031 624 quaestionem,
1053 560 1148 623 quam
1173 544 1304 626 Iphige·

147 647 202 713 nia
223 647 264 712 de
287 644 392 710 fratre
414 646 636 727 cognoscendo
654 645 809 713 institnit.

251 753 413 835 Deinceps
426 752 537 836 igitur,
560 758 598 819 ut
613 759 685 819 erat
700 755 911 838 propositum,
927 756 1112 824 sententiae
1125 759 1305 839 ponderen-

149 868 335 942 turcorum,
351 860 405 940 qui
420 860 603 927 trimetrum
616 861 681 926 alio
696 862 766 928 loco
782 867 914 944 ponunt.
941 863 1006 928 Ubi
1024 869 1134 929 autem
1149 865 1306 930 locandus

153 973 205 1053 sit,
229 970 374 1038 homines
393 967 480 1034 docti
501 988 565 1035 non
586 969 796 1036 consentiunt
815 971 957 1051 duasque
978 971 1050 1037 uias
1067 971 1197 1037 ineunt:
1220 971 1307 1038 alius

149 1080 363 1159 immutatum,
386 1076 444 1142 alii
466 1078 671 1143 emendatum
685 1096 758 1144 eum
777 1078 946 1161 transponi
963 1079 1081 1144 debere
1093 1078 1306 1146 arbitrantur.

250 1187 300 1250 Ac
331 1183 564 1266 Weckleinius,
609 1185 685 1264 quia
727 1203 825 1253 versu
866 1184 1083 1252 antecedente
1127 1188 1215 1270 (781)
1240 1204 1307 1251 non

148 1294 240 1359 modo
269 1311 323 1374 ea,
354 1310 437 1372 quae
467 1310 546 1373 opus
573 1291 653 1374 sint,
683 1293 921 1376 contineantur,
948 1311 1061 1360 uerum
1090 1292 1189 1358 etiam
1211 1311 1308 1358 omne

147 1402 343 1468 *excludatur
370 1398 642 1483 additamentum,
672 1399 856 1466 trimetrum
887 1407 948 1466 782
976 1401 1140 1484 integrum
1168 1404 1247 1466 ante
1273 1419 1306 1466 v.

151 1517 214 1576 810
244 1510 397 1591 collocat,
431 1509 517 1573 unde
546 1508 628 1576 uitio
649 1507 775 1574 librarii
801 1508 835 1573 in
861 1507 978 1574 falsam
998 1508 1152 1592 paginam
1173 1511 1307 1575 aberra-

151 1603 244 1684 verit.¹
267 1616 341 1682 illio
359 1616 444 1681 emm
461 1635 533 1682 cum
553 1635 616 1683 non
636 1616 839 1699 perspicuum
853 1615 906 1698 sit,
928 1634 991 1697 quo
1004 1617 1167 1699 particula
1178 1612 1307 1684 ου’κοῦν

151 1726 316 1808 pertineat
345 1729 380 1790 et
402 1743 497 1805 quam
527 1725 567 1789 ob
596 1743 679 1806 rem,
709 1726 784 1791 dum
806 1724 978 1809 Iphigenia
1005 1725 1158 1793 indicium
1179 1726 1306 1808 audiat,

151 1834 285 1900 Orestes
313 1833 354 1899 de
383 1833 480 1899 rebus
509 1830 694 1918 domesticis
728 1833 894 1916 loquatur,
928 1833 1048 1914 requiri
1070 1852 1211 1917 caumm,
1247 1853 1308 1902 cur

149 1942 335 2024 proferatur
349 1934 474 2006 cdxciv
495 1978 535 1991 -
559 1937 622 2024 ἐμέ.
645 1938 791 2020 Namque
813 1941 1025 2024 sacerdotem,
1048 1960 1120 2007 cum
1140 1940 1308 2024 paulisper

151 2051 239 2136 (post
254 2068 284 2116 v.
299 2050 373 2135 809)
395 2067 504 2114 secum
516 2047 781 2127 consideraverit,
801 2049 878 2130 quid
898 2049 1082 2117 iaciendum
1104 2051 1157 2133 sit,
1179 2051 1213 2117 in
1234 2068 1308 2116 eam

74 2236 77 2241 ¹
151 2159 294 2224 incidere
316 2156 511 2240 opinionem,
537 2175 621 2239 sese,
645 2158 720 2237 quia
741 2159 933 2242 peregrinus
954 2163 1090 2243 rogatus
1105 2158 1243 2239 ‘aliquod
1266 2177 1310 2225 ex

152 2271 247 2350 parte
269 2267 397 2347 quidem
418 2270 530 2348 aptum
551 2265 700 2332 invenire
720 2266 823 2350 possit
835 2285 1023 2348 responsum
1036 2267 1167 2333 sednon
1179 2267 1307 2333 firmum

153 2375 195 2440 ad
226 2373 440 2457 probandum,
471 2373 654 2452 quaerendo
684 2373 826 2441 fortasse
853 2374 933 2440 nihil
962 2374 1025 2441 nisi
1052 2393 1105 2440 res
1134 2392 1217 2455 quae
1242 2373 1309 2442 lide

155 2486 291 2549 careant
304 2499 376 2548 esse
387 2480 600 2564 cognituram.
624 2481 719 2548 Hanc
733 2484 773 2548 ob
791 2482 1037 2549 causamtutius
1056 2501 1138 2565 esse,
1157 2483 1309 2550 Orestem

153 2591 257 2673 ipsum
287 2588 498 2671 pronuntiare
528 2606 583 2670 ea,
613 2607 696 2668 quae
728 2589 882 2656 memoria
913 2595 1037 2656 teneat.
1080 2589 1164 2656 Nam
1195 2590 1223 2656 si
1254 2607 1310 2657 ras

152 2698 250 2781 plane
281 2695 491 2778 domesticas,
528 2713 609 2776 quas
630 2714 722 2765 nemo
753 2697 816 2763 nisi
843 2677 899 2778 qul
922 2698 992 2779 ipse
1012 2697 1203 2781 cognoverit
1224 2697 1310 2763 scire

152 2805 270 2887 possit,
292 2805 379 2870 ultro
402 2804 435 2870 in
457 2803 596 2870 madium
617 2805 780 2887 proferat,
803 2823 867 2871 non
889 2823 975 2887 esse,
1008 2823 1066 2870 cnr
1090 2805 1121 2870 ei
1141 2804 1222 2871 fides
1244 2823 1310 2872 non

153 2914 359 2996 adiungatur.
404 2911 477 2977 Huc
498 2912 668 2994 accedere,
697 2913 782 2993 quod
803 2914 865 2978 hac
886 2913 1103 2979 translatione
1125 2911 1312 2992 aequalitas

152 3039 357 3088 numerorum
377 3037 526 3087 versuum
550 3018 755 3086 restituatur.
802 3020 894 3104 Quae
923 3019 1088 3088 sententia
1113 3038 1188 3095 num
1216 3023 1311 3086 recta

153 3130 206 3212 sit,
229 3133 383 3195 accurate
404 3128 668 3211 investigandum
690 3133 751 3195 est.
859 3215 862 3222 ,

255 3237 307 3303 De
328 3255 452 3304 conexu
472 3255 623 3305 versuum
639 3242 701 3306 809
725 3241 760 3302 et
781 3242 844 3303 810
864 3236 985 3319 ambigi
1004 3238 1122 3318 potest,
1143 3233 1219 3315 quia
1237 3251 1312 3302 uer·

149 3348 229 3413 'bum
251 3340 428 3412 πυνθάνου
450 3346 542 3412 valet
564 3351 598 3412 et
621 3345 808 3430 „auditione
832 3345 965 3428 accipe“
987 3349 1021 3410 et
1042 3346 1216 3427 „quaare.“
1249 3339 1312 3407 His

155 3453 197 3520 ex
208 3444 511 3535 'significationibus
530 3453 625 3535 prior,
649 3471 732 3534 quae
750 3453 912 3536 plerisque
924 3451 1003 3520 viris
1019 3451 1123 3517 doctis
1143 3450 1311 3534 probatur,

155 3565 215 3630 hoc
235 3562 304 3628 fere
326 3563 427 3628 habat
449 3579 510 3642 quo
533 3563 783 3628 commendetur.
828 3561 913 3626 Utut
934 3559 1006 3626 fieri
1032 3561 1151 3642 potest,
1175 3558 1313 3624 Orestes

156 3670 442 3754 Iphigeniaerult
461 3671 666 3754 persuadere,
689 3688 723 3736 se
735 3669 987 3754 Agamemnonis
1008 3685 1085 3735 vere
1107 3667 1209 3732 filium
1229 3684 1312 3734 esse.

159 3779 232 3862 Qua
254 3779 294 3844 de
315 3797 352 3844 re
365 3797 484 3862 magna
506 3779 539 3845 vi
561 3779 653 3844 modo
671 3777 895 3862 interrogatus
913 3776 994 3865 nihil
1016 3774 1181 3856 antiquius
1199 3775 1312 3859 habet,

154 3906 249 3969 quam
271 3887 443 3953 utstatim
470 3887 597 3971 signum
622 3905 657 3953 se
680 3887 767 3956 ualle
789 3886 823 3952 in
850 3884 989 3952 medium
1011 3883 1157 3966 profarre
1178 3901 1313 3966 respon·

153 3997 239 4063 deat.
285 3996 402 4076 Itaque
430 4013 532 4062 nexus
558 3996 794 4062 sententiarum
826 3996 878 4061 hic
908 3998 976 4060 est:
1017 3992 1130 4059 Habes
1156 3991 1313 4059 indicium

153 4110 188 4172 at
208 4123 259 4170 me
280 4104 512 4186 iubesaudire;
535 4103 637 4188 igitur
654 4109 689 4170 te
706 4105 830 4170 referre
842 4106 980 4186 oportet,
1003 4119 1054 4167 me
1070 4101 1192 4168 audire.
1228 4101 1311 4169 Inde

151 4216 304 4297 apparet,
329 4217 363 4278 et
383 4212 578 4294 particulam
600 4208 724 4279 οὐκοῦν
748 4220 782 4278 et
805 4213 979 4278 membrum
1000 4203 1184 4295 μανθάνειν
1207 4209 1235 4274 δ’
1256 4208 1313 4296 ἐμέ

152 4339 209 4390 suo
233 4339 303 4387 asse
325 4320 405 4385 loco.
