2994 4902
641 245 854 308 „52-

169 410 303 476 Orestes
325 429 389 477 vss.
414 416 476 476 616
495 429 563 491 sqq.
587 411 783 493 audivisset,
804 409 1008 493 Iphigeniam
1033 410 1136 492 ipsum
1166 427 1248 476 essct
1263 408 1323 473 im·

166 518 359 585 molaturam
381 518 567 598 crinemque
587 536 673 599 aqua
695 519 826 585 lustrali
846 537 1060 601 aspersuram,
1083 536 1141 601 per
1163 536 1198 583 se
1221 534 1323 598 appa·

165 645 255 709 rere,
288 627 419 693 caedem
451 627 554 709 ipsam
584 627 656 692 fieri
685 629 726 692 ah
759 627 847 707 aliis;
880 628 927 714 (2)
949 626 1065 692 deinde
1084 627 1186 693 verba
1207 624 1321 690 timide

164 736 376 817 pronuntiata
397 735 425 801 εἰ
445 729 516 801 τάδ’
538 733 678 821 ἱστορεῖν
700 759 739 820 με
760 728 820 821 χρή
843 736 956 818 inepta
978 753 1066 817 6666,
1087 735 1162 815 quia
1185 733 1321 800 Orestes

164 843 336 909 decadem
359 861 395 908 re
410 844 569 909 audacter
581 844 674 910 modo
695 844 878 926 rogavisset
900 847 942 926 (v.
964 846 1052 926 621);
1075 844 1122 931 (3)
1144 845 1213 908 tum
1235 859 1320 908 sum·
1394 867 1398 872 ·

163 971 247 1018 mam
268 952 414 1034 responsi
442 953 485 1036 (v.
505 939 586 1036 624)
608 952 643 1017 in
672 951 857 1018 universum
884 951 963 1017 dicti
992 969 1062 1016 esse
1092 951 1238 1030 inanem;
1270 951 1318 1036 (4)

160 1065 323 1141 postremo
350 1059 651 1129 commemoratione
678 1059 829 1140 aliorum,
860 1059 914 1140 qui
940 1077 998 1141 pro
1031 1077 1140 1125 sorore
1167 1057 1318 1124 Orestem

162 1171 357 1253 occiderent,
377 1173 443 1238 vim
465 1170 566 1236 minui
585 1169 755 1252 tragicam.

232 1281 390 1360 Apertum
404 1283 465 1360 est,
479 1277 629 1344 Orestem
646 1281 782 1344 mortem
798 1275 960 1342 obiturum
973 1274 1089 1358 omnia,
1098 1292 1181 1355 quae
1191 1273 1232 1339 ad
1243 1291 1318 1356 sup·

160 1387 290 1468 plinium
304 1389 465 1468 spectant,
489 1389 643 1451 accurate
654 1385 741 1458 velle
757 1402 952 1468 cognoscere
964 1388 1004 1467 (v.
1018 1389 1080 1449 617
1093 1385 1182 1475 sqq).
1197 1382 1318 1461 Itaque

159 1511 231 1558 curn
259 1494 409 1561 universe
441 1493 480 1559 de
511 1493 670 1560 sacrificio
703 1497 738 1558 et
766 1510 842 1557 num
871 1491 1022 1558 sacerdos
1051 1490 1138 1572 ipsa,
1173 1489 1317 1570 quando-

46 1597 50 1604 ’
159 1601 288 1682 quidem
309 1601 430 1667 femina
452 1601 512 1684 sit,
548 1601 647 1667 etiam
669 1601 757 1669 viros
783 1618 860 1666 ense
883 1603 1024 1680 mactet,
1060 1597 1318 1681 interrogaverit

158 1716 193 1776 et
207 1709 380 1792 audiverit,
403 1709 606 1792 Iphigeniam
623 1709 727 1790 ipsam
742 1727 813 1774 esse
827 1707 1094 1790 sacrificaturam
1117 1725 1181 1771 non
1204 1705 1317 1806 gladio

158 1819 295 1901 quidem,
319 1819 375 1884 sed
398 1819 446 1884 ita
466 1822 503 1884 ut
518 1817 657 1883 hostiam
669 1816 813 1897 dedicet,
836 1818 954 1881 haere
977 1815 1117 1881 nondum
1140 1817 1317 1880 contentus

157 1927 255 1992 aliam
273 1914 398 2009 prol'ert
417 1925 716 2008 interrogationem.
762 1923 854 2006 Quae
876 1923 1092 2007 interrogatio
1109 1939 1315 2004 responsum-

156 2055 218 2117 que
240 2034 431 2118 iphigeniae
461 2034 607 2116 quamvis
640 2032 744 2099 otiosa
775 2032 918 2098 fortasse
947 2030 1072 2112 possint
1103 2030 1225 2112 videri,
1258 2047 1317 2095 res

156 2143 346 2227 huiusmodi,
368 2148 531 2211 61161666
552 2141 672 2208 alterni
695 2141 894 2224 exoriantur,
916 2141 966 2206 ita
988 2140 1127 2206 tractari
1150 2139 1184 2204 in
1205 2138 1315 2205 diver-

155 2251 207 2316 bio
232 2270 252 2316 a
278 2251 423 2332 personis
442 2249 628 2331 Euripideis
654 2249 817 2315 interdum
845 2249 1083 2328 loquacioribus
1092 2249 1116 2335 1)
1140 2267 1203 2313 non
1232 2248 1315 2313 alie·

154 2377 230 2424 num
252 2377 323 2424 esse
350 2359 461 2424 multis
484 2358 639 2440 exemplis
661 2358 878 2425 confirmatur.
923 2359 994 2439 Iph.
1011 2358 1049 2423 Τ.
1072 2361 1165 2424 1044.
1188 2357 1214 2421 Ι.
1235 2358 1313 2422 Aul.

155 2471 218 2534 698
240 2484 309 2547 sqq.
340 2465 424 2531 Med.
454 2472 526 2533 672.
561 2465 684 2532 Η66611.
713 2470 784 2534 765.
819 2465 893 2531 Η61.
915 2471 965 2533 97.
996 2465 1064 2531 Ion.
1094 2470 1166 2532 305.
1201 2464 1312 2533 Orest.

156 2577 248 2639 1676.
270 2572 381 2655 suppl.
406 2577 477 2640 143.
501 2575 596 2658 (768).
616 2573 736 2641 Bacch.
759 2576 833 2641 469.
854 2578 928 2640 486.

256 2678 433 2746 Veniamus
465 2698 551 2748 nunc
582 2665 624 2747 ad
657 2681 798 2749 alterum
827 2687 1062 2765 argumentum.
1111 2681 1157 2747 Iis
1189 2681 1312 2764 verbis,

153 2805 236 2867 quae
259 2786 394 2854 Orestes
415 2787 598 2868 quaestioni
624 2789 675 2855 illi
703 2790 797 2857 addit
824 2791 862 2876 (εἰ
883 2830 926 2839 -
946 2785 1036 2876 χρή),
1070 2794 1245 2872 nontam,
1273 2799 1313 2857 ut

154 2893 368 2962 Η.11661161ο
389 2896 530 2980 videtur,
553 2896 679 2963 indicat
699 2897 810 2980 inepte
824 2917 858 2964 se
872 2917 1005 2983 rogasse
1027 2901 1086 2964 aut
1105 2898 1254 2964 timidum
1274 2918 1313 2967 66

151 3005 305 3089 praebet,
333 3045 368 3052 -
399 3025 483 3086 quae
506 3006 635 3086 quidem
664 3005 824 3072 timiditas
845 3006 942 3074 valde
970 3006 1124 3073 abhorret
1153 3008 1195 3072 ab
1220 3006 1312 3073 illius

151 3112 257 3178 animo
270 3112 323 3196 (cf.
336 3119 470 3181 vestet
485 3116 547 3201 sq.)
560 3153 609 3192 —,
624 3133 720 3195 quam
726 3113 898 3197 significat,
911 3133 946 3181 se
954 3114 1122 3197 comitere,
1130 3113 1218 3179 inter
1229 3132 1312 3194 quos

151 3225 313 3287 mactator
324 3221 376 3287 sit.
400 3221 483 3288 Nam
499 3223 562 3288 etsi
581 3223 653 3306 seit,
667 3223 721 3304 qui
736 3229 909 3291 versentur
927 3225 961 3291 111
975 3223 1095 3306 templo
1108 3223 1309 3308 (6147666),

151 3331 261 3395 tamen
283 3331 423 3398 nondum
447 3331 528 3397 satis
543 3332 708 3414 cognitum
724 3333 834 3416 habet,
856 3333 940 3413 quod
963 3352 1072 3399 eorum
1094 3331 1140 3398 sit
1156 3331 1309 3401 officium.

150 3437 289 3504 Accedit
310 3439 394 3518 quod
416 3457 519 3509 1161166
541 3441 778 3508 sententiarum
803 3441 934 3508 videtur
961 3441 1072 3525 hiare,
1100 3442 1128 3508 si
1156 3461 1176 3507 a
1198 3442 1310 3508 verbis

149 3546 192 3612 ad
210 3547 338 3613 initium
360 3548 511 3615 sacrificii
531 3549 756 3632 spectantibus
778 3552 823 3637 (v.
842 3555 918 3633 622)
941 3552 1053 3617 statim
1075 3551 1236 3618 transitur
1264 3553 1309 3618 ad

149 3656 343 3722 mentionem
375 3657 516 3739 sepulcri
542 3661 691 3746 (16626).
738 3659 917 3726 Praeterea
950 3679 1021 3727 cum
1047 3665 1148 3743 poeta
1177 3660 1308 3742 saepius

147 3762 181 3828 in
210 3763 271 3830 1166
300 3764 413 3830 fabula
436 3803 478 3815 -
500 3784 564 3833 vss.
589 3767 659 3854 (40)
681 3772 753 3835 336.
785 3774 869 3834 1164
891 3787 937 3849 sq.
972 3773 1054 3835 1190
1082 3768 1136 3854 (61.
1160 3774 1221 3835 369
1242 3771 1307 3857 sq.)

147 3909 191 3920 -
202 3871 322 3954 duplex
332 3873 499 3940 mactandi
513 3893 627 3941 munus
639 3875 831 3960 distinguat,
841 3901 844 3908 ¹
853 3878 924 3944 veri
939 3876 1135 3944 simillimum
1150 3881 1210 3960 est,
1233 3896 1306 3944 eum

147 3979 309 4063 hocloco,
337 3999 399 4061 quo
426 3981 571 4064 pluribus
602 3983 642 4049 de
663 3984 903 4051 sacrificatione
925 3990 1054 4068 agatur,
1079 3990 1250 4065 utrumque
1270 3987 1306 4053 in

145 4088 284 4154 medium
306 4089 490 4171 protulisse.

148 4243 456 4254 -——=--—-—-

252 4323 271 4386 ¹)
289 4320 371 4375 Arist.
390 4321 455 4376 Ran.
474 4323 514 4375 91.
537 4323 610 4376 1069.
