2994 4902
654 303 869 364 ..35-

187 473 381 554 mactentur,
403 469 573 552 Iphigenia
592 470 753 537 feliciores
774 489 869 551 quam
886 489 920 536 se
936 471 1040 552 ipsam
1051 471 1161 553 patria
1176 471 1341 552 privatam

186 577 734 666 nuncducerepotest(otustal).
758 579 959 662 Quamquam
967 579 1015 644 ita
1023 582 1115 646 artus
1123 580 1341 662 cogitatorum

186 704 289 753 nexus
303 686 435 754 videtur
453 684 539 768 oriri,
564 678 675 752 tamen
687 691 914 770 argumentum
925 705 1075 760 versuum
1090 692 1259 754 eta-350
1272 687 1341 770 (im-

187 794 299 878 primis
320 797 501 877 era-347)
527 794 632 878 magis
654 813 749 875 quam
771 809 831 878 par
852 795 957 861 estin
978 795 1038 861 illa
1059 797 1224 862 sententia
1242 814 1342 879 gene·

184 903 248 968 nali
273 903 459 986 neglectum
486 920 557 969 esse
587 903 779 984 putaverim.
824 903 916 986 Quae
939 902 1015 985 quia
1037 921 1107 970 oum
1130 903 1181 969 his
1204 903 1344 969 senariis

185 1016 258 1076 arte
281 1011 435 1077 cohaeret
457 1011 499 1077 ad
521 1028 639 1090 eosque
657 1015 810 1092 spectant
821 1010 928 1078 omnia
949 1011 1018 1078 eius
1032 1011 1191 1079 vocabula
1208 1016 1344 1093 praeter

186 1115 442 1205 εὐτυχεστέροις,
479 1137 550 1184 meo
579 1119 707 1199 quidem
743 1118 860 1188 iudicio
889 1129 1141 1186 consentaneum
1171 1124 1238 1202 est,
1269 1137 1344 1186 eam

186 1227 357 1310 complecti
384 1226 491 1294 omnia
519 1227 611 1293 modo
641 1245 833 1311 praegressa
862 1233 963 1309 atque
993 1229 1144 1296 universe
1171 1228 1223 1310 id,
1257 1229 1344 1308 quod

187 1339 287 1402 antea
306 1354 347 1401 ex
366 1338 461 1418 parte
484 1333 605 1400 dictum
630 1339 689 1401 est.
734 1335 937 1419 iphigeniam
955 1341 1074 1420 antem,
1098 1336 1173 1417 quia
1189 1355 1253 1404 vss.
1279 1340 1346 1402 344

185 1446 291 1508 -350
320 1441 384 1508 nIsi
410 1442 450 1508 de
479 1441 585 1508 animo
615 1442 649 1507 in
677 1441 829 1510 victimas
859 1462 922 1510 non
951 1443 1110 1536 loquitur,
1144 1444 1344 1510 sententiam

186 1551 275 1616 illam
298 1551 340 1617 ad
363 1552 420 1618 hos
441 1568 597 1622 revocare
620 1554 655 1616 et
676 1551 768 1633 quasi
789 1570 944 1618 excusare
966 1553 1052 1620 velle
1075 1552 1233 1635 existimo,
1258 1553 1345 1632 quod

186 1659 327 1727 animum
358 1660 392 1724 in
423 1658 569 1728 advenas
590 1659 700 1726 mitem
724 1659 830 1727 subito
852 1659 1081 1729 immutaverit.
1125 1660 1188 1743 Qui
1220 1659 1269 1748 (in
1303 1661 1346 1726 iis

187 1768 287 1834 etiam
308 1767 436 1834 Helena
463 1772 498 1834 et
525 1767 711 1852 Menelaus,
746 1768 914 1836 dummodo
947 1769 980 1834 in
1010 1769 1189 1836 Taurorum
1219 1774 1345 1837 terram

185 1875 360 1964 venerint)
392 1894 463 1942 cnm
495 1876 686 1958 supplicium
719 1877 861 1960 oapItale
892 1876 959 1943 sint
992 1877 1146 1960 subituri,
1179 1877 1346 1945 feliciores

186 2003 282 2064 quam
303 1983 475 2066 iphigenia
498 1987 588 2050 certe
616 2002 680 2050 non
708 1988 793 2051 sunt.
838 1984 964 2050 Idcirco
995 1984 1139 2050 codicum
1168 1984 1346 2052 lectionem

186 2087 428 2178 εὐτυχεστέροις
450 2091 530 2158 ferri
548 2109 642 2175 posse
658 2092 855 2176 negaverim.
890 2092 1039 2175 Frustra,
1053 2092 1088 2158 ni
1103 2091 1210 2175 fallor,
1225 2091 1345 2159 Kirch·

187 2199 307 2266 hoffius
339 2199 425 2266 tueri
457 2219 527 2267 earn
565 2200 691 2267 studuit
722 2201 903 2267 mutatione
938 2195 1049 2288 (εὐτ.)
1082 2195 1200 2278 αὐτοῖς
1231 2204 1346 2278 κακῶς

185 2303 383 2395 πράξασιν,
411 2325 494 2388 quae
515 2326 620 2388 neque
648 2307 683 2374 in
705 2308 975 2376 antecedentibus
994 2327 1099 2390 neque
1120 2309 1154 2374 in
1174 2307 1346 2388 insequen-

185 2417 273 2484 tibus
302 2416 439 2484 senariIs
468 2417 608 2500 habeat,
638 2435 699 2499 quo
729 2417 934 2483 defendatur.
980 2416 1194 2483 Coniecturae
1222 2421 1342 2499 antem,

188 2544 268 2607 quas
293 2525 459 2593 Seidlerus
489 2523 528 2592 G.
551 2524 738 2592 Dindorfius
766 2524 953 2610 Koechlyus
980 2525 1275 2592 Ranchensteinins
1296 2525 1344 2592 fe-

187 2637 320 2717 cerunt,
352 2636 526 2716 propterea
548 2633 732 2701 reiciendae
760 2639 850 2718 sunt,
885 2633 961 2714 quia
981 2633 1152 2717 Iphigenia
1173 2633 1347 2716 pristinam

186 2742 349 2810 fortunam
372 2761 462 2809 suam
483 2727 659 2810 secundam
685 2743 720 2829 (i.
741 2760 769 2809 e.
794 2760 879 2826 eam,
911 2760 989 2825 qua,
1018 2742 1205 2824 priusquam
1224 2744 1348 2812 Aulide

186 2855 396 2934 mactaretur,
427 2869 485 2918 usa
512 2853 590 2939 est),
620 2850 710 2917 cuius
733 2850 766 2916 in
793 2850 941 2918 versibus
962 2851 1164 2934 praegressis
1187 2868 1228 2917 ne
1250 2852 1345 2918 mini-

186 2979 271 3026 mum
300 2957 429 3041 quidem
459 2958 646 3027 inveniatur
665 2957 835 3037 indicium,
864 2975 994 3024 causam
1024 2957 1122 3024 animi
1153 2961 1347 3025 commutati

188 3069 221 3133 in
243 3065 382 3132 medium
403 3065 550 3148 proferre
569 3066 691 3148 nequit.
736 3065 829 3150 Quae
847 3070 957 3132 autem
978 3084 1058 3134 vera
1077 3083 1176 3132 causa
1197 3065 1250 3149 sit,
1273 3060 1354 3148 ipsa

187 3175 267 3246 tien
293 3192 324 3243 v.
348 3177 425 3258 348,
455 3175 526 3258 ubi,
557 3194 628 3241 cum
657 3175 768 3243 verbIs
797 3170 881 3240 οῖσιο
911 3167 1101 3262 ἠγριώμεθα
1133 3192 1190 3239 cnr
1218 3174 1349 3244 animus

186 3286 332 3352 mutatus
361 3282 405 3350 sit
434 3283 657 3368 contineatur,
688 3282 885 3367 praepositio
916 3281 952 3362 ἐξ
981 3282 1093 3370 (nach)
1126 3281 1166 3346 de
1199 3284 1347 3364 tempore

161 3392 411 3475 intellegenda
440 3394 499 3458 est.
544 3391 649 3458 Orest.
673 3397 745 3460 279.
775 3391 871 3473 Hipp.
897 3397 966 3458 109.
997 3389 1096 3473 Kykl.
1119 3395 1189 3458 250.
1220 3389 1349 3459 Hecah.

190 3507 251 3567 915
274 3500 390 3588 (chor.)
411 3498 542 3566 Heracl.
565 3499 628 3567 fur.
654 3504 736 3565 1034
748 3500 859 3584 (chor.)
882 3497 1031 3579 Xenoph.
1051 3497 1178 3564 Hellen.
1200 3497 1257 3564 VI.
1272 3503 1348 3567 51⁷.

292 3607 497 3674 Contrarium
518 3626 647 3674 sensum
666 3613 766 3689 atque
788 3607 823 3673 hi
846 3625 956 3673 omnes
979 3604 1085 3672 critici
1105 3605 1140 3671 in
1151 3623 1215 3675 uss,
1228 3612 1289 3673 352
1298 3625 1348 3688 sq.

189 3717 295 3784 inesse
317 3716 469 3800 opinatur
480 3715 619 3783 Weihus
640 3715 886 3796 trImetrumque
910 3719 972 3782 352
994 3715 1043 3780 ita
1064 3713 1131 3797 legi
1151 3712 1242 3780 iubet

342 3838 412 3904 τοῖς
433 3817 669 3914 δυσπότμοις
689 3821 751 3911 γὰρ
774 3821 810 3890 οἵ
826 3818 910 3890 ποτ’
928 3817 1162 3909 εὐτυχέστεροι,

190 3932 243 3998 Ex
277 3934 338 4000 hac
379 3935 520 4001 lectIone
560 3933 717 4000 traditam
754 3932 947 4015 scripturam
984 3949 1055 3998 esse
1092 3935 1196 3997 ortam
1232 3947 1350 4011 parum

191 4038 291 4104 habet
318 4041 568 4122 probabilitatis.
615 4039 816 4107 Gramssima
844 4042 954 4105 autern
987 4054 1085 4104 causa
1113 4035 1258 4104 accedit:
1288 4035 1350 4102 illa

191 4147 356 4213 sententia
376 4148 542 4232 unlnersa,
563 4148 591 4216 si
610 4149 653 4215 ad
673 4147 877 4232 Iphigeniam
897 4145 1055 4229 refertur,
1085 4150 1165 4227 apta
1193 4163 1257 4210 non
1285 4149 1348 4212 est.

189 4253 274 4320 Nam
296 4259 524 4337 praeterquam
546 4258 630 4338 qnod
653 4257 687 4322 in
713 4255 862 4324 versibus
892 4253 1162 4321 antecedentibus
1188 4251 1348 4335 pristinae

190 4381 243 4428 res
274 4363 435 4430 secundae
469 4365 538 4432 eius
571 4384 634 4432 non
666 4367 974 4445 commemorantur,
1011 4362 1200 4446 Iphigenia,
1241 4363 1348 4441 quoad
