<?xml version="1.0" encoding="UTF-8"?>
<!DOCTYPE html PUBLIC "-//W3C//DTD XHTML 1.0 Transitional//EN"
    "http://www.w3.org/TR/xhtml1/DTD/xhtml1-transitional.dtd">
<html xmlns="http://www.w3.org/1999/xhtml" xml:lang="en" lang="en">
 <head>
  <title>
</title>
<meta http-equiv="Content-Type" content="text/html;charset=utf-8" />
  <meta name='ocr-system' content='tesseract 3.04.00' />
  <meta name='ocr-capabilities' content='ocr_page ocr_carea ocr_par ocr_line ocrx_word'/>
</head>
<body>
  <div class='ocr_page' id='page_1' title='image "./deversibussuspe00schugoog_0082.png"; bbox 0 0 2994 4902; ppageno 0'>
   <div class='ocr_carea' id='block_1_1' title="bbox 649 271 856 332">
    <p class='ocr_par' dir='ltr' id='par_1_1' title="bbox 649 271 856 332">
     <span class='ocr_line' id='line_1_1' title="bbox 649 271 856 332; baseline 0.01 -16"><span class='ocrx_word' id='word_1_1' title='bbox 649 271 856 332; x_wconf 76' lang='grc'>-75-</span> 
     </span>
    </p>
   </div>
   <div class='ocr_carea' id='block_1_2' title="bbox 173 436 1330 518">
    <p class='ocr_par' dir='ltr' id='par_1_2' title="bbox 173 436 1330 518">
     <span class='ocr_line' id='line_1_2' title="bbox 173 436 1330 518; baseline -0.001 -19"><span class='ocrx_word' id='word_1_2' title='bbox 173 441 308 501; x_wconf 86' lang='lat' dir='ltr'><strong>tremum</strong></span> <span class='ocrx_word' id='word_1_3' title='bbox 332 455 447 502; x_wconf 88' lang='lat' dir='ltr'><strong>versus</strong></span> <span class='ocrx_word' id='word_1_4' title='bbox 458 441 520 502; x_wconf 83' lang='lat'><strong>993</strong></span> <span class='ocrx_word' id='word_1_5' title='bbox 538 438 740 518; x_wconf 91' lang='lat' dir='ltr'><strong>vocabulum,</strong></span> <span class='ocrx_word' id='word_1_6' title='bbox 765 458 822 518; x_wconf 92' lang='lat' dir='ltr'><strong>pro</strong></span> <span class='ocrx_word' id='word_1_7' title='bbox 845 457 907 517; x_wconf 92' lang='lat' dir='ltr'><strong>quo</strong></span> <span class='ocrx_word' id='word_1_8' title='bbox 929 437 970 501; x_wconf 90' lang='lat' dir='ltr'><strong>ab</strong></span> <span class='ocrx_word' id='word_1_9' title='bbox 992 436 1227 518; x_wconf 86' lang='lat' dir='ltr'><strong>interpolatore</strong></span> <span class='ocrx_word' id='word_1_10' title='bbox 1239 436 1330 499; x_wconf 76' lang='grc' dir='ltr'><strong>θέλω</strong></span> 
     </span>
    </p>
   </div>
   <div class='ocr_carea' id='block_1_3' title="bbox 1 543 1330 627">
    <p class='ocr_par' dir='ltr' id='par_1_3' title="bbox 1 543 1330 627">
     <span class='ocr_line' id='line_1_3' title="bbox 1 543 1330 627; baseline 0 -19"><span class='ocrx_word' id='word_1_11' title='bbox 1 547 2 554; x_wconf 77' lang='grc'>’</span> <span class='ocrx_word' id='word_1_12' title='bbox 96 611 100 620; x_wconf 70' lang='grc'><em>,</em></span> <span class='ocrx_word' id='word_1_13' title='bbox 173 563 245 610; x_wconf 88' lang='lat' dir='ltr'><strong>esse</strong></span> <span class='ocrx_word' id='word_1_14' title='bbox 267 543 350 610; x_wconf 83' lang='lat' dir='ltr'><strong>falso</strong></span> <span class='ocrx_word' id='word_1_15' title='bbox 371 545 519 610; x_wconf 88' lang='lat' dir='ltr'><strong>additum</strong></span> <span class='ocrx_word' id='word_1_16' title='bbox 542 543 637 610; x_wconf 89' lang='lat' dir='ltr'><strong>bodie</strong></span> <span class='ocrx_word' id='word_1_17' title='bbox 657 545 744 610; x_wconf 89' lang='lat' dir='ltr'><strong>iuter</strong></span> <span class='ocrx_word' id='word_1_18' title='bbox 766 565 877 612; x_wconf 88' lang='lat' dir='ltr'><strong>omnes</strong></span> <span class='ocrx_word' id='word_1_19' title='bbox 894 547 963 610; x_wconf 86' lang='lat' dir='ltr'><strong>lere</strong></span> <span class='ocrx_word' id='word_1_20' title='bbox 983 549 1124 627; x_wconf 88' lang='lat' dir='ltr'><strong>constat,</strong></span> <span class='ocrx_word' id='word_1_21' title='bbox 1146 544 1330 625; x_wconf 88' lang='lat' dir='ltr'><strong>parimodo</strong></span> 
     </span>
    </p>
   </div>
   <div class='ocr_carea' id='block_1_4' title="bbox 171 650 1333 1710">
    <p class='ocr_par' dir='ltr' id='par_1_4' title="bbox 171 650 1333 1710">
     <span class='ocr_line' id='line_1_4' title="bbox 173 650 1332 734; baseline 0.001 -19"><span class='ocrx_word' id='word_1_22' title='bbox 173 650 206 715; x_wconf 90' lang='lat' dir='ltr'><strong>iu</strong></span> <span class='ocrx_word' id='word_1_23' title='bbox 227 652 405 734; x_wconf 89' lang='lat' dir='ltr'><strong>archetypo</strong></span> <span class='ocrx_word' id='word_1_24' title='bbox 427 656 613 734; x_wconf 90' lang='lat' dir='ltr'><strong>corruptum</strong></span> <span class='ocrx_word' id='word_1_25' title='bbox 636 652 736 718; x_wconf 88' lang='lat' dir='ltr'><strong>luisse</strong></span> <span class='ocrx_word' id='word_1_26' title='bbox 756 652 896 718; x_wconf 90' lang='lat' dir='ltr'><strong>videtur.</strong></span> <span class='ocrx_word' id='word_1_27' title='bbox 942 653 1209 733; x_wconf 89' lang='lat' dir='ltr'><strong>Proptercausas</strong></span> <span class='ocrx_word' id='word_1_28' title='bbox 1230 650 1332 733; x_wconf 83' lang='lat' dir='ltr'><strong>igitur</strong></span> 
     </span>
     <span class='ocr_line' id='line_1_5' title="bbox 171 757 1331 842; baseline -0.003 -16"><span class='ocrx_word' id='word_1_29' title='bbox 171 777 270 842; x_wconf 79' lang='lat' dir='ltr'><strong>strpra</strong></span> <span class='ocrx_word' id='word_1_30' title='bbox 298 760 419 825; x_wconf 84' lang='lat' dir='ltr'><strong>allatas</strong></span> <span class='ocrx_word' id='word_1_31' title='bbox 442 759 665 826; x_wconf 87' lang='lat' dir='ltr'><strong>Weckleioius</strong></span> <span class='ocrx_word' id='word_1_32' title='bbox 693 779 849 826; x_wconf 87' lang='lat' dir='ltr'><strong>conexum</strong></span> <span class='ocrx_word' id='word_1_33' title='bbox 879 762 929 826; x_wconf 87' lang='lat' dir='ltr'><strong>ita</strong></span> <span class='ocrx_word' id='word_1_34' title='bbox 956 759 1192 826; x_wconf 87' lang='lat' dir='ltr'><strong>restituendum</strong></span> <span class='ocrx_word' id='word_1_35' title='bbox 1219 757 1331 823; x_wconf 81' lang='lat' dir='ltr'><strong>existi-</strong></span> 
     </span>
     <span class='ocr_line' id='line_1_6' title="bbox 173 864 1331 952; baseline -0.003 -18"><span class='ocrx_word' id='word_1_36' title='bbox 173 874 255 934; x_wconf 89' lang='lat' dir='ltr'><strong>mat:</strong></span> <span class='ocrx_word' id='word_1_37' title='bbox 279 870 431 935; x_wconf 85' lang='lat' dir='ltr'><strong>voluutas</strong></span> <span class='ocrx_word' id='word_1_38' title='bbox 452 869 495 951; x_wconf 90' lang='lat' dir='ltr'><strong>id,</strong></span> <span class='ocrx_word' id='word_1_39' title='bbox 520 869 605 950; x_wconf 90' lang='lat' dir='ltr'><strong>quod</strong></span> <span class='ocrx_word' id='word_1_40' title='bbox 619 875 655 935; x_wconf 92' lang='lat' dir='ltr'><strong>tu</strong></span> <span class='ocrx_word' id='word_1_41' title='bbox 676 871 832 951; x_wconf 74' lang='lat' dir='ltr'><strong>postulas</strong></span> <span class='ocrx_word' id='word_1_42' title='bbox 856 869 1044 952; x_wconf 88' lang='lat' dir='ltr'><strong>perficiendi</strong></span> <span class='ocrx_word' id='word_1_43' title='bbox 1059 886 1232 948; x_wconf 84' lang='lat' dir='ltr'>numquam</span> <span class='ocrx_word' id='word_1_44' title='bbox 1254 864 1331 930; x_wconf 85' lang='lat' dir='ltr'><strong>milri</strong></span> 
     </span>
     <span class='ocr_line' id='line_1_7' title="bbox 174 975 1332 1060; baseline -0.003 -20"><span class='ocrx_word' id='word_1_45' title='bbox 174 977 294 1058; x_wconf 87' lang='lat' dir='ltr'><strong>deluit,</strong></span> <span class='ocrx_word' id='word_1_46' title='bbox 317 981 418 1056; x_wconf 88' lang='lat' dir='ltr'><strong>atque</strong></span> <span class='ocrx_word' id='word_1_47' title='bbox 439 977 569 1058; x_wconf 86' lang='lat' dir='ltr'><strong>eadem,</strong></span> <span class='ocrx_word' id='word_1_48' title='bbox 601 995 684 1058; x_wconf 91' lang='lat' dir='ltr'><strong>quae</strong></span> <span class='ocrx_word' id='word_1_49' title='bbox 705 983 758 1059; x_wconf 89' lang='lat' dir='ltr'><strong>tu,</strong></span> <span class='ocrx_word' id='word_1_50' title='bbox 791 995 851 1060; x_wconf 88' lang='lat' dir='ltr'><strong>ego</strong></span> <span class='ocrx_word' id='word_1_51' title='bbox 874 995 999 1058; x_wconf 92' lang='lat' dir='ltr'><strong>quoque</strong></span> <span class='ocrx_word' id='word_1_52' title='bbox 1020 976 1102 1044; x_wconf 93' lang='lat' dir='ltr'><strong>volo.</strong></span> <span class='ocrx_word' id='word_1_53' title='bbox 1147 975 1239 1057; x_wconf 72' lang='lat' dir='ltr'><strong>Quae</strong></span> <span class='ocrx_word' id='word_1_54' title='bbox 1268 992 1332 1052; x_wconf 92' lang='lat' dir='ltr'><strong>qua</strong></span> 
     </span>
     <span class='ocr_line' id='line_1_8' title="bbox 174 1080 1331 1166; baseline -0.003 -18"><span class='ocrx_word' id='word_1_55' title='bbox 174 1083 300 1150; x_wconf 86' lang='lat' dir='ltr'><strong>ratione</strong></span> <span class='ocrx_word' id='word_1_56' title='bbox 320 1083 507 1162; x_wconf 90' lang='lat' dir='ltr'><strong>conficiam,</strong></span> <span class='ocrx_word' id='word_1_57' title='bbox 530 1085 670 1150; x_wconf 88' lang='lat' dir='ltr'><strong>nondum</strong></span> <span class='ocrx_word' id='word_1_58' title='bbox 693 1084 868 1166; x_wconf 90' lang='lat' dir='ltr'><strong>perspicio:</strong></span> <span class='ocrx_word' id='word_1_59' title='bbox 899 1083 1113 1151; x_wconf 81' lang='lat' dir='ltr'><strong>libentissime</strong></span> <span class='ocrx_word' id='word_1_60' title='bbox 1144 1081 1205 1147; x_wconf 88' lang='lat' dir='ltr'><strong>tibi</strong></span> <span class='ocrx_word' id='word_1_61' title='bbox 1227 1080 1331 1161; x_wconf 89' lang='lat' dir='ltr'><strong>opitu-</strong></span> 
     </span>
     <span class='ocr_line' id='line_1_9' title="bbox 175 1188 1331 1274; baseline -0.004 -18"><span class='ocrx_word' id='word_1_62' title='bbox 175 1191 281 1272; x_wconf 81' lang='lat' dir='ltr'><strong>labor,</strong></span> <span class='ocrx_word' id='word_1_63' title='bbox 303 1195 340 1256; x_wconf 94' lang='lat' dir='ltr'><strong>ut</strong></span> <span class='ocrx_word' id='word_1_64' title='bbox 363 1192 444 1258; x_wconf 91' lang='lat' dir='ltr'><strong>deae</strong></span> <span class='ocrx_word' id='word_1_65' title='bbox 467 1197 611 1258; x_wconf 88' lang='lat' dir='ltr'><strong>statuam</strong></span> <span class='ocrx_word' id='word_1_66' title='bbox 633 1193 773 1274; x_wconf 86' lang='lat' dir='ltr'><strong>adeptus</strong></span> <span class='ocrx_word' id='word_1_67' title='bbox 794 1192 869 1257; x_wconf 91' lang='lat' dir='ltr'><strong>binc</strong></span> <span class='ocrx_word' id='word_1_68' title='bbox 892 1191 1039 1274; x_wconf 81' lang='lat' dir='ltr'><strong>effugias.</strong></span> <span class='ocrx_word' id='word_1_69' title='bbox 1083 1190 1139 1254; x_wconf 92' lang='lat' dir='ltr'><strong>Ita</strong></span> <span class='ocrx_word' id='word_1_70' title='bbox 1160 1188 1245 1255; x_wconf 93' lang='lat' dir='ltr'><strong>enim</strong></span> <span class='ocrx_word' id='word_1_71' title='bbox 1270 1204 1331 1251; x_wconf 88' lang='lat' dir='ltr'><strong>nec</strong></span> 
     </span>
     <span class='ocr_line' id='line_1_10' title="bbox 176 1299 1332 1383; baseline -0.003 -21"><span class='ocrx_word' id='word_1_72' title='bbox 176 1303 209 1362; x_wconf 89' lang='lat' dir='ltr'><strong>te</strong></span> <span class='ocrx_word' id='word_1_73' title='bbox 243 1299 408 1364; x_wconf 86' lang='lat' dir='ltr'><strong>immolare</strong></span> <span class='ocrx_word' id='word_1_74' title='bbox 443 1318 544 1383; x_wconf 83' lang='lat' dir='ltr'><strong>cogar</strong></span> <span class='ocrx_word' id='word_1_75' title='bbox 576 1305 611 1365; x_wconf 92' lang='lat' dir='ltr'><strong>et</strong></span> <span class='ocrx_word' id='word_1_76' title='bbox 645 1319 686 1366; x_wconf 85' lang='lat' dir='ltr'><strong>ex</strong></span> <span class='ocrx_word' id='word_1_77' title='bbox 715 1300 876 1382; x_wconf 81' lang='lat' dir='ltr'><strong>Apollinis</strong></span> <span class='ocrx_word' id='word_1_78' title='bbox 909 1299 1039 1366; x_wconf 88' lang='lat' dir='ltr'><strong>oraculo</strong></span> <span class='ocrx_word' id='word_1_79' title='bbox 1073 1303 1107 1363; x_wconf 90' lang='lat' dir='ltr'><strong>te</strong></span> <span class='ocrx_word' id='word_1_80' title='bbox 1142 1299 1332 1376; x_wconf 92' lang='lat' dir='ltr'><strong>domumque</strong></span> 
     </span>
     <span class='ocr_line' id='line_1_11' title="bbox 174 1403 1333 1491; baseline -0.004 -19"><span class='ocrx_word' id='word_1_81' title='bbox 174 1412 318 1472; x_wconf 87' lang='lat' dir='ltr'><strong>nostram</strong></span> <span class='ocrx_word' id='word_1_82' title='bbox 340 1409 487 1474; x_wconf 81' lang='lat' dir='ltr'><strong>servabo.</strong></span> <span class='ocrx_word' id='word_1_83' title='bbox 533 1407 634 1473; x_wconf 89' lang='lat' dir='ltr'><strong>Vides</strong></span> <span class='ocrx_word' id='word_1_84' title='bbox 655 1409 771 1474; x_wconf 90' lang='lat' dir='ltr'><strong>abesse</strong></span> <span class='ocrx_word' id='word_1_85' title='bbox 792 1408 1022 1491; x_wconf 78' lang='lat' dir='ltr'><strong>tautologiam,</strong></span> <span class='ocrx_word' id='word_1_86' title='bbox 1049 1407 1082 1472; x_wconf 91' lang='lat' dir='ltr'><strong>iu</strong></span> <span class='ocrx_word' id='word_1_87' title='bbox 1106 1425 1170 1486; x_wconf 90' lang='lat' dir='ltr'><strong>qua</strong></span> <span class='ocrx_word' id='word_1_88' title='bbox 1190 1403 1333 1470; x_wconf 87' lang='lat' dir='ltr'><strong>Kvicala</strong></span> 
     </span>
     <span class='ocr_line' id='line_1_12' title="bbox 174 1511 1333 1600; baseline -0.005 -18"><span class='ocrx_word' id='word_1_89' title='bbox 174 1515 309 1582; x_wconf 85' lang='lat' dir='ltr'><strong>offendit</strong></span> <span class='ocrx_word' id='word_1_90' title='bbox 330 1517 384 1600; x_wconf 89' lang='lat' dir='ltr'><strong>(ct&#39;.</strong></span> <span class='ocrx_word' id='word_1_91' title='bbox 406 1516 459 1581; x_wconf 86' lang='lat' dir='ltr'><strong>ad.</strong></span> <span class='ocrx_word' id='word_1_92' title='bbox 482 1534 513 1581; x_wconf 90' lang='lat' dir='ltr'><strong>v.</strong></span> <span class='ocrx_word' id='word_1_93' title='bbox 539 1521 633 1600; x_wconf 83' lang='lat'><strong>991),</strong></span> <span class='ocrx_word' id='word_1_94' title='bbox 653 1516 903 1597; x_wconf 83' lang='lat' dir='ltr'><strong>accuratiusque</strong></span> <span class='ocrx_word' id='word_1_95' title='bbox 924 1514 1078 1598; x_wconf 82' lang='lat' dir='ltr'><strong>perspici,</strong></span> <span class='ocrx_word' id='word_1_96' title='bbox 1100 1532 1157 1578; x_wconf 93' lang='lat' dir='ltr'><strong>cur</strong></span> <span class='ocrx_word' id='word_1_97' title='bbox 1179 1511 1333 1598; x_wconf 74' lang='grc' dir='ltr'><strong>κρηπῖδες</strong></span> 
     </span>
     <span class='ocr_line' id='line_1_13' title="bbox 174 1617 713 1710; baseline 0.002 -22"><span class='ocrx_word' id='word_1_98' title='bbox 174 1624 381 1704; x_wconf 84' lang='lat' dir='ltr'><strong>appellentur</strong></span> <span class='ocrx_word' id='word_1_99' title='bbox 407 1625 497 1689; x_wconf 79' lang='grc' dir='ltr'><strong><em>κεναὶ</em></strong></span> <span class='ocrx_word' id='word_1_100' title='bbox 520 1617 713 1710; x_wconf 75' lang='grc' dir='ltr'><em>ἀγάλματος.</em></span> 
     </span>
    </p>
   </div>
   <div class='ocr_carea' id='block_1_5' title="bbox 174 1771 1362 4002">
    <p class='ocr_par' dir='ltr' id='par_1_5' title="bbox 174 1771 1362 4002">
     <span class='ocr_line' id='line_1_14' title="bbox 279 1771 1334 1857; baseline -0.004 -18"><span class='ocrx_word' id='word_1_101' title='bbox 279 1775 386 1840; x_wconf 84' lang='lat' dir='ltr'><strong>Aliam</strong></span> <span class='ocrx_word' id='word_1_102' title='bbox 419 1774 481 1840; x_wconf 88' lang='lat' dir='ltr'><strong>loci</strong></span> <span class='ocrx_word' id='word_1_103' title='bbox 513 1775 707 1841; x_wconf 89' lang='lat' dir='ltr'><strong>emendandi</strong></span> <span class='ocrx_word' id='word_1_104' title='bbox 738 1776 824 1842; x_wconf 90' lang='lat' dir='ltr'><strong>viam</strong></span> <span class='ocrx_word' id='word_1_105' title='bbox 854 1775 1020 1857; x_wconf 88' lang='lat' dir='ltr'><strong>ingressus</strong></span> <span class='ocrx_word' id='word_1_106' title='bbox 1041 1773 1245 1856; x_wconf 85' lang='lat' dir='ltr'><strong>Koechlyus,</strong></span> <span class='ocrx_word' id='word_1_107' title='bbox 1282 1771 1334 1836; x_wconf 91' lang='lat' dir='ltr'><strong>cui</strong></span> 
     </span>
     <span class='ocr_line' id='line_1_15' title="bbox 174 1880 1334 1966; baseline -0.003 -20"><span class='ocrx_word' id='word_1_108' title='bbox 174 1881 303 1946; x_wconf 91' lang='lat' dir='ltr'><strong>omnino</strong></span> <span class='ocrx_word' id='word_1_109' title='bbox 325 1883 505 1948; x_wconf 85' lang='lat' dir='ltr'><strong>assentitur</strong></span> <span class='ocrx_word' id='word_1_110' title='bbox 527 1883 704 1966; x_wconf 73' lang='lat' dir='ltr'><strong>Nauokius</strong></span> <span class='ocrx_word' id='word_1_111' title='bbox 727 1903 792 1951; x_wconf 73' lang='lat' dir='ltr'><strong>uss,</strong></span> <span class='ocrx_word' id='word_1_112' title='bbox 805 1889 978 1949; x_wconf 82' lang='grc'>994-998</span> <span class='ocrx_word' id='word_1_113' title='bbox 1001 1886 1074 1963; x_wconf 90' lang='lat' dir='ltr'><strong>post</strong></span> <span class='ocrx_word' id='word_1_114' title='bbox 1086 1901 1117 1948; x_wconf 92' lang='lat' dir='ltr'><strong>v.</strong></span> <span class='ocrx_word' id='word_1_115' title='bbox 1134 1887 1217 1947; x_wconf 88' lang='lat'>1003</span> <span class='ocrx_word' id='word_1_116' title='bbox 1237 1880 1334 1945; x_wconf 91' lang='lat' dir='ltr'><strong>collo·</strong></span> 
     </span>
     <span class='ocr_line' id='line_1_16' title="bbox 175 1987 1334 2071; baseline -0.003 -16"><span class='ocrx_word' id='word_1_117' title='bbox 175 1989 266 2056; x_wconf 88' lang='lat' dir='ltr'><strong>cavit</strong></span> <span class='ocrx_word' id='word_1_118' title='bbox 295 1991 502 2071; x_wconf 86' lang='lat' dir='ltr'><strong>ordinemque</strong></span> <span class='ocrx_word' id='word_1_119' title='bbox 538 1992 774 2057; x_wconf 87' lang='lat' dir='ltr'><strong>sententiarum</strong></span> <span class='ocrx_word' id='word_1_120' title='bbox 805 1990 1044 2057; x_wconf 87' lang='lat' dir='ltr'><strong>commendavit</strong></span> <span class='ocrx_word' id='word_1_121' title='bbox 1076 1991 1176 2055; x_wconf 90' lang='lat' dir='ltr'><strong>buno:</strong></span> <span class='ocrx_word' id='word_1_122' title='bbox 1213 1987 1334 2070; x_wconf 86' lang='lat' dir='ltr'><strong>„Patet</strong></span> 
     </span>
     <span class='ocr_line' id='line_1_17' title="bbox 175 2095 1335 2182; baseline -0.003 -19"><span class='ocrx_word' id='word_1_123' title='bbox 175 2098 388 2182; x_wconf 83' lang='lat' dir='ltr'><strong>Iphigeniam,</strong></span> <span class='ocrx_word' id='word_1_124' title='bbox 411 2105 583 2181; x_wconf 88' lang='lat' dir='ltr'><strong>postquam</strong></span> <span class='ocrx_word' id='word_1_125' title='bbox 606 2107 640 2166; x_wconf 90' lang='lat' dir='ltr'><strong>et</strong></span> <span class='ocrx_word' id='word_1_126' title='bbox 655 2101 824 2180; x_wconf 88' lang='lat' dir='ltr'><strong>antiquum</strong></span> <span class='ocrx_word' id='word_1_127' title='bbox 838 2097 994 2165; x_wconf 88' lang='lat' dir='ltr'><strong>redeundi</strong></span> <span class='ocrx_word' id='word_1_128' title='bbox 1006 2096 1202 2176; x_wconf 84' lang='lat' dir='ltr'><strong>videndique</strong></span> <span class='ocrx_word' id='word_1_129' title='bbox 1220 2095 1335 2160; x_wconf 89' lang='lat' dir='ltr'><strong>fratris</strong></span> 
     </span>
     <span class='ocr_line' id='line_1_18' title="bbox 175 2204 1335 2288; baseline -0.003 -18"><span class='ocrx_word' id='word_1_130' title='bbox 175 2206 369 2272; x_wconf 89' lang='lat' dir='ltr'><strong>desiderium</strong></span> <span class='ocrx_word' id='word_1_131' title='bbox 402 2213 437 2272; x_wconf 89' lang='lat' dir='ltr'><strong>et</strong></span> <span class='ocrx_word' id='word_1_132' title='bbox 468 2213 673 2288; x_wconf 84' lang='lat' dir='ltr'><strong>praesentem</strong></span> <span class='ocrx_word' id='word_1_133' title='bbox 706 2226 779 2273; x_wconf 90' lang='lat' dir='ltr'><strong>cum</strong></span> <span class='ocrx_word' id='word_1_134' title='bbox 812 2207 926 2272; x_wconf 81' lang='lat' dir='ltr'><strong>fratris</strong></span> <span class='ocrx_word' id='word_1_135' title='bbox 957 2205 1043 2272; x_wconf 91' lang='lat' dir='ltr'><strong>votis</strong></span> <span class='ocrx_word' id='word_1_136' title='bbox 1076 2204 1335 2269; x_wconf 87' lang='lat' dir='ltr'><strong>consentientem</strong></span> 
     </span>
     <span class='ocr_line' id='line_1_19' title="bbox 176 2307 1336 2398; baseline -0.005 -18"><span class='ocrx_word' id='word_1_137' title='bbox 176 2314 378 2380; x_wconf 85' lang='lat' dir='ltr'><strong>voluntatem</strong></span> <span class='ocrx_word' id='word_1_138' title='bbox 399 2315 592 2396; x_wconf 88' lang='lat' dir='ltr'><strong>declaravit,</strong></span> <span class='ocrx_word' id='word_1_139' title='bbox 615 2317 756 2380; x_wconf 89' lang='lat' dir='ltr'><strong>membro</strong></span> <span class='ocrx_word' id='word_1_140' title='bbox 778 2335 836 2398; x_wconf 86' lang='lat' dir='ltr'><strong>per</strong></span> <span class='ocrx_word' id='word_1_141' title='bbox 857 2307 1148 2397; x_wconf 71' lang='lat' dir='ltr'><strong>particulana&#39;eaa&#39;</strong></span> <span class='ocrx_word' id='word_1_142' title='bbox 1167 2311 1336 2393; x_wconf 86' lang='lat' dir='ltr'><strong>aptissime</strong></span> 
     </span>
     <span class='ocr_line' id='line_1_20' title="bbox 176 2419 1337 2498; baseline -0.003 -13"><span class='ocrx_word' id='word_1_143' title='bbox 176 2421 301 2486; x_wconf 85' lang='lat' dir='ltr'><strong>adnexo</strong></span> <span class='ocrx_word' id='word_1_144' title='bbox 323 2421 387 2486; x_wconf 92' lang='lat' dir='ltr'><strong>iam</strong></span> <span class='ocrx_word' id='word_1_145' title='bbox 412 2423 454 2488; x_wconf 90' lang='lat' dir='ltr'><strong>ad</strong></span> <span class='ocrx_word' id='word_1_146' title='bbox 479 2423 648 2488; x_wconf 91' lang='lat' dir='ltr'><strong>consilium</strong></span> <span class='ocrx_word' id='word_1_147' title='bbox 671 2424 713 2489; x_wconf 88' lang='lat' dir='ltr'><strong>ab</strong></span> <span class='ocrx_word' id='word_1_148' title='bbox 739 2423 795 2489; x_wconf 91' lang='lat' dir='ltr'><strong>illo</strong></span> <span class='ocrx_word' id='word_1_149' title='bbox 824 2424 1003 2489; x_wconf 88' lang='lat' dir='ltr'><strong>indicatum</strong></span> <span class='ocrx_word' id='word_1_150' title='bbox 1025 2420 1182 2487; x_wconf 89' lang='lat' dir='ltr'><strong>accedere</strong></span> <span class='ocrx_word' id='word_1_151' title='bbox 1207 2419 1271 2498; x_wconf 91' lang='lat' dir='ltr'><strong>ita,</strong></span> <span class='ocrx_word' id='word_1_152' title='bbox 1299 2421 1337 2483; x_wconf 89' lang='lat' dir='ltr'><strong>ut</strong></span> 
     </span>
     <span class='ocr_line' id='line_1_21' title="bbox 176 2525 1336 2614; baseline -0.003 -23"><span class='ocrx_word' id='word_1_153' title='bbox 176 2529 322 2611; x_wconf 92' lang='lat' dir='ltr'><strong>primum,</strong></span> <span class='ocrx_word' id='word_1_154' title='bbox 345 2529 379 2595; x_wconf 89' lang='lat' dir='ltr'><strong>si</strong></span> <span class='ocrx_word' id='word_1_155' title='bbox 402 2529 564 2610; x_wconf 91' lang='lat' dir='ltr'><strong>quidem</strong></span> <span class='ocrx_word' id='word_1_156' title='bbox 587 2531 692 2596; x_wconf 83' lang='lat' dir='ltr'><strong>frater</strong></span> <span class='ocrx_word' id='word_1_157' title='bbox 711 2535 746 2594; x_wconf 88' lang='lat' dir='ltr'><strong>et</strong></span> <span class='ocrx_word' id='word_1_158' title='bbox 769 2531 850 2596; x_wconf 88' lang='lat' dir='ltr'><strong>deae</strong></span> <span class='ocrx_word' id='word_1_159' title='bbox 872 2530 999 2614; x_wconf 88' lang='lat' dir='ltr'><strong>signum</strong></span> <span class='ocrx_word' id='word_1_160' title='bbox 1023 2535 1058 2595; x_wconf 91' lang='lat' dir='ltr'><strong>et</strong></span> <span class='ocrx_word' id='word_1_161' title='bbox 1079 2547 1114 2593; x_wconf 89' lang='lat' dir='ltr'><strong>se</strong></span> <span class='ocrx_word' id='word_1_162' title='bbox 1136 2527 1240 2608; x_wconf 90' lang='lat' dir='ltr'><strong>ipsam</strong></span> <span class='ocrx_word' id='word_1_163' title='bbox 1259 2525 1336 2591; x_wconf 87' lang='lat' dir='ltr'><strong>navi</strong></span> 
     </span>
     <span class='ocr_line' id='line_1_22' title="bbox 176 2635 1334 2720; baseline -0.004 -18"><span class='ocrx_word' id='word_1_164' title='bbox 176 2637 339 2718; x_wconf 89' lang='lat' dir='ltr'><strong>imponere</strong></span> <span class='ocrx_word' id='word_1_165' title='bbox 361 2639 515 2720; x_wconf 90' lang='lat' dir='ltr'><strong>potuerit,</strong></span> <span class='ocrx_word' id='word_1_166' title='bbox 539 2638 646 2703; x_wconf 89' lang='lat' dir='ltr'><strong>omnia</strong></span> <span class='ocrx_word' id='word_1_167' title='bbox 666 2639 748 2703; x_wconf 89' lang='lat' dir='ltr'><strong>bene</strong></span> <span class='ocrx_word' id='word_1_168' title='bbox 770 2640 891 2704; x_wconf 88' lang='lat' dir='ltr'><strong>habere</strong></span> <span class='ocrx_word' id='word_1_169' title='bbox 914 2638 1088 2718; x_wconf 86' lang='lat' dir='ltr'><strong>concedat,</strong></span> <span class='ocrx_word' id='word_1_170' title='bbox 1114 2635 1228 2700; x_wconf 89' lang='lat' dir='ltr'><strong>statim</strong></span> <span class='ocrx_word' id='word_1_171' title='bbox 1247 2652 1334 2714; x_wconf 84' lang='lat' dir='ltr'><strong>vero,</strong></span> 
     </span>
     <span class='ocr_line' id='line_1_23' title="bbox 177 2742 1335 2829; baseline -0.006 -18"><span class='ocrx_word' id='word_1_172' title='bbox 177 2746 275 2811; x_wconf 89' lang='lat' dir='ltr'><strong>aliter</strong></span> <span class='ocrx_word' id='word_1_173' title='bbox 296 2746 323 2812; x_wconf 89' lang='lat' dir='ltr'><strong>si</strong></span> <span class='ocrx_word' id='word_1_174' title='bbox 345 2745 487 2829; x_wconf 88' lang='lat' dir='ltr'><strong>eveniat,</strong></span> <span class='ocrx_word' id='word_1_175' title='bbox 510 2765 545 2812; x_wconf 91' lang='lat' dir='ltr'><strong>se</strong></span> <span class='ocrx_word' id='word_1_176' title='bbox 568 2746 697 2826; x_wconf 91' lang='lat' dir='ltr'><strong>quidem</strong></span> <span class='ocrx_word' id='word_1_177' title='bbox 722 2747 917 2828; x_wconf 88' lang='lat' dir='ltr'><strong>perituram,</strong></span> <span class='ocrx_word' id='word_1_178' title='bbox 938 2746 1075 2811; x_wconf 87' lang='lat' dir='ltr'><strong>fratrem</strong></span> <span class='ocrx_word' id='word_1_179' title='bbox 1098 2763 1175 2811; x_wconf 91' lang='lat' dir='ltr'><strong>vero</strong></span> <span class='ocrx_word' id='word_1_180' title='bbox 1195 2761 1231 2808; x_wconf 92' lang='lat' dir='ltr'><strong>re</strong></span> <span class='ocrx_word' id='word_1_181' title='bbox 1253 2742 1335 2805; x_wconf 90' lang='lat' dir='ltr'><strong>bene</strong></span> 
     </span>
     <span class='ocr_line' id='line_1_24' title="bbox 176 2845 1334 2939; baseline -0.003 -22"><span class='ocrx_word' id='word_1_182' title='bbox 176 2858 272 2936; x_wconf 83' lang='lat' dir='ltr'><strong>gesta</strong></span> <span class='ocrx_word' id='word_1_183' title='bbox 294 2853 474 2919; x_wconf 87' lang='lat' dir='ltr'><strong>rediturum</strong></span> <span class='ocrx_word' id='word_1_184' title='bbox 505 2872 576 2919; x_wconf 88' lang='lat' dir='ltr'><strong>esse</strong></span> <span class='ocrx_word' id='word_1_185' title='bbox 606 2855 776 2921; x_wconf 90' lang='lat' dir='ltr'><strong>ostendat:</strong></span> <span class='ocrx_word' id='word_1_186' title='bbox 804 2874 838 2920; x_wconf 92' lang='lat' dir='ltr'><strong>se</strong></span> <span class='ocrx_word' id='word_1_187' title='bbox 869 2855 974 2920; x_wconf 88' lang='lat' dir='ltr'><strong>enim</strong></span> <span class='ocrx_word' id='word_1_188' title='bbox 1005 2855 1082 2939; x_wconf 86' lang='lat' dir='ltr'><strong>(iam</strong></span> <span class='ocrx_word' id='word_1_189' title='bbox 1102 2852 1194 2918; x_wconf 89' lang='lat' dir='ltr'><strong>vides</strong></span> <span class='ocrx_word' id='word_1_190' title='bbox 1218 2855 1252 2915; x_wconf 91' lang='lat' dir='ltr'><strong>et</strong></span> <span class='ocrx_word' id='word_1_191' title='bbox 1273 2845 1334 2934; x_wconf 76' lang='grc' dir='ltr'><strong>γάρ</strong></span> 
     </span>
     <span class='ocr_line' id='line_1_25' title="bbox 177 2959 1337 3046; baseline -0.002 -22"><span class='ocrx_word' id='word_1_192' title='bbox 177 2959 358 3025; x_wconf 89' lang='lat' dir='ltr'><strong>rectissime</strong></span> <span class='ocrx_word' id='word_1_193' title='bbox 387 2962 509 3027; x_wconf 86' lang='lat' dir='ltr'><strong>habere</strong></span> <span class='ocrx_word' id='word_1_194' title='bbox 539 2979 600 3026; x_wconf 88' lang='lat' dir='ltr'><strong>nec</strong></span> <span class='ocrx_word' id='word_1_195' title='bbox 626 2963 725 3026; x_wconf 89' lang='lat' dir='ltr'><strong>ullam</strong></span> <span class='ocrx_word' id='word_1_196' title='bbox 751 2963 891 3042; x_wconf 90' lang='lat' dir='ltr'><strong>relinqui</strong></span> <span class='ocrx_word' id='word_1_197' title='bbox 911 2961 1140 3046; x_wconf 83' lang='lat' dir='ltr'><strong>tautologiam)</strong></span> <span class='ocrx_word' id='word_1_198' title='bbox 1163 2963 1253 3024; x_wconf 86' lang='lat' dir='ltr'><strong>certe</strong></span> <span class='ocrx_word' id='word_1_199' title='bbox 1276 2976 1337 3023; x_wconf 88' lang='lat' dir='ltr'><strong>nec</strong></span> 
     </span>
     <span class='ocr_line' id='line_1_26' title="bbox 177 3067 1337 3150; baseline -0.001 -18"><span class='ocrx_word' id='word_1_200' title='bbox 177 3067 312 3133; x_wconf 78' lang='lat' dir='ltr'><strong>fratrem</strong></span> <span class='ocrx_word' id='word_1_201' title='bbox 336 3072 554 3134; x_wconf 89' lang='lat' dir='ltr'><strong>mactaturam</strong></span> <span class='ocrx_word' id='word_1_202' title='bbox 577 3074 612 3134; x_wconf 89' lang='lat' dir='ltr'><strong>et</strong></span> <span class='ocrx_word' id='word_1_203' title='bbox 633 3070 759 3135; x_wconf 92' lang='lat' dir='ltr'><strong>domum</strong></span> <span class='ocrx_word' id='word_1_204' title='bbox 780 3077 1001 3150; x_wconf 87' lang='lat' dir='ltr'><strong>servaturam,</strong></span> <span class='ocrx_word' id='word_1_205' title='bbox 1028 3071 1059 3134; x_wconf 89' lang='grc' dir='ltr'><strong>1ι.</strong></span> <span class='ocrx_word' id='word_1_206' title='bbox 1075 3087 1102 3133; x_wconf 90' lang='lat' dir='ltr'><strong>e.</strong></span> <span class='ocrx_word' id='word_1_207' title='bbox 1131 3067 1337 3132; x_wconf 88' lang='lat' dir='ltr'><strong>simulacrum</strong></span> 
     </span>
     <span class='ocr_line' id='line_1_27' title="bbox 179 3174 1338 3257; baseline -0.002 -19"><span class='ocrx_word' id='word_1_208' title='bbox 179 3174 277 3239; x_wconf 82' lang='lat' dir='ltr'><strong>fratri</strong></span> <span class='ocrx_word' id='word_1_209' title='bbox 298 3174 495 3240; x_wconf 85' lang='lat' dir='ltr'><strong>traditorem</strong></span> <span class='ocrx_word' id='word_1_210' title='bbox 518 3195 606 3256; x_wconf 88' lang='lat' dir='ltr'><strong>esse,</strong></span> <span class='ocrx_word' id='word_1_211' title='bbox 640 3176 724 3255; x_wconf 92' lang='lat' dir='ltr'><strong>quod</strong></span> <span class='ocrx_word' id='word_1_212' title='bbox 748 3181 856 3242; x_wconf 84' lang='lat' dir='ltr'><strong>tamen</strong></span> <span class='ocrx_word' id='word_1_213' title='bbox 881 3195 921 3242; x_wconf 91' lang='lat' dir='ltr'><strong>ne</strong></span> <span class='ocrx_word' id='word_1_214' title='bbox 943 3175 1044 3257; x_wconf 89' lang='lat' dir='ltr'><strong>ipsius</strong></span> <span class='ocrx_word' id='word_1_215' title='bbox 1064 3175 1145 3240; x_wconf 87' lang='lat' dir='ltr'><strong>deae</strong></span> <span class='ocrx_word' id='word_1_216' title='bbox 1168 3175 1338 3240; x_wconf 89' lang='lat' dir='ltr'><strong>voluntate</strong></span> 
     </span>
     <span class='ocr_line' id='line_1_28' title="bbox 177 3282 1338 3367; baseline -0.002 -19"><span class='ocrx_word' id='word_1_217' title='bbox 177 3303 197 3348; x_wconf 88' lang='lat' dir='ltr'><strong>a</strong></span> <span class='ocrx_word' id='word_1_218' title='bbox 218 3301 297 3365; x_wconf 85' lang='lat' dir='ltr'><strong>rege</strong></span> <span class='ocrx_word' id='word_1_219' title='bbox 316 3283 493 3367; x_wconf 88' lang='lat' dir='ltr'><strong>detegatur</strong></span> <span class='ocrx_word' id='word_1_220' title='bbox 507 3285 684 3349; x_wconf 90' lang='lat' dir='ltr'><strong>verendum</strong></span> <span class='ocrx_word' id='word_1_221' title='bbox 707 3303 786 3350; x_wconf 88' lang='lat' dir='ltr'><strong>sane</strong></span> <span class='ocrx_word' id='word_1_222' title='bbox 810 3304 890 3366; x_wconf 87' lang='lat' dir='ltr'><strong>esse,</strong></span> <span class='ocrx_word' id='word_1_223' title='bbox 914 3302 976 3365; x_wconf 91' lang='lat' dir='ltr'><strong>quo</strong></span> <span class='ocrx_word' id='word_1_224' title='bbox 996 3285 1086 3350; x_wconf 87' lang='lat' dir='ltr'><strong>lacto</strong></span> <span class='ocrx_word' id='word_1_225' title='bbox 1108 3283 1199 3349; x_wconf 88' lang='lat' dir='ltr'><strong>nulla</strong></span> <span class='ocrx_word' id='word_1_226' title='bbox 1221 3282 1338 3347; x_wconf 89' lang='lat' dir='ltr'><strong>relicta</strong></span> 
     </span>
     <span class='ocr_line' id='line_1_29' title="bbox 178 3391 1336 3473; baseline -0.003 -17"><span class='ocrx_word' id='word_1_227' title='bbox 178 3392 388 3459; x_wconf 85' lang='lat' dir='ltr'><strong>excusatione</strong></span> <span class='ocrx_word' id='word_1_228' title='bbox 417 3399 553 3460; x_wconf 89' lang='lat' dir='ltr'><strong>mortem</strong></span> <span class='ocrx_word' id='word_1_229' title='bbox 582 3393 643 3457; x_wconf 93' lang='lat' dir='ltr'><strong>sibi</strong></span> <span class='ocrx_word' id='word_1_230' title='bbox 670 3393 884 3458; x_wconf 88' lang='lat' dir='ltr'><strong>certissimam</strong></span> <span class='ocrx_word' id='word_1_231' title='bbox 906 3392 997 3459; x_wconf 85' lang='lat' dir='ltr'><strong>iore“</strong></span> <span class='ocrx_word' id='word_1_232' title='bbox 1021 3397 1083 3458; x_wconf 91' lang='lat' dir='ltr'><strong>etc.</strong></span> <span class='ocrx_word' id='word_1_233' title='bbox 1100 3391 1224 3458; x_wconf 87' lang='lat' dir='ltr'><strong>emend.</strong></span> <span class='ocrx_word' id='word_1_234' title='bbox 1245 3391 1287 3456; x_wconf 94' lang='lat' dir='ltr'><strong>ll.</strong></span> <span class='ocrx_word' id='word_1_235' title='bbox 1307 3411 1336 3473; x_wconf 92' lang='lat' dir='ltr'><strong>p.</strong></span> 
     </span>
     <span class='ocr_line' id='line_1_30' title="bbox 179 3499 1338 3584; baseline -0.001 -19"><span class='ocrx_word' id='word_1_236' title='bbox 179 3507 197 3566; x_wconf 86' lang='grc'><strong>7</strong></span> <span class='ocrx_word' id='word_1_237' title='bbox 220 3519 267 3582; x_wconf 87' lang='lat' dir='ltr'><strong>sq.</strong></span> <span class='ocrx_word' id='word_1_238' title='bbox 306 3501 398 3584; x_wconf 82' lang='lat' dir='ltr'><strong>Quae</strong></span> <span class='ocrx_word' id='word_1_239' title='bbox 421 3501 658 3568; x_wconf 84' lang='lat' dir='ltr'><strong>sententiarum</strong></span> <span class='ocrx_word' id='word_1_240' title='bbox 683 3503 869 3568; x_wconf 84' lang='lat' dir='ltr'><strong>consecutio</strong></span> <span class='ocrx_word' id='word_1_241' title='bbox 899 3501 1103 3567; x_wconf 89' lang='lat' dir='ltr'><strong>Weckleinio</strong></span> <span class='ocrx_word' id='word_1_242' title='bbox 1132 3500 1239 3566; x_wconf 88' lang='lat' dir='ltr'><strong>iudice</strong></span> <span class='ocrx_word' id='word_1_243' title='bbox 1265 3499 1338 3564; x_wconf 90' lang='lat' dir='ltr'><strong>ideo</strong></span> 
     </span>
     <span class='ocr_line' id='line_1_31' title="bbox 179 3605 1362 3696; baseline -0.002 -22"><span class='ocrx_word' id='word_1_244' title='bbox 179 3611 391 3693; x_wconf 85' lang='lat' dir='ltr'><strong>improbanda</strong></span> <span class='ocrx_word' id='word_1_245' title='bbox 421 3615 489 3693; x_wconf 88' lang='lat' dir='ltr'><strong>est,</strong></span> <span class='ocrx_word' id='word_1_246' title='bbox 527 3611 611 3691; x_wconf 90' lang='lat' dir='ltr'><strong>quod</strong></span> <span class='ocrx_word' id='word_1_247' title='bbox 640 3612 780 3676; x_wconf 87' lang='lat' dir='ltr'><strong>membro</strong></span> <span class='ocrx_word' id='word_1_248' title='bbox 813 3607 877 3696; x_wconf 79' lang='grc' dir='ltr'><strong>ἐγώ</strong></span> <span class='ocrx_word' id='word_1_249' title='bbox 913 3611 972 3695; x_wconf 75' lang='grc' dir='ltr'><strong>μέν</strong></span> <span class='ocrx_word' id='word_1_250' title='bbox 1003 3605 1141 3695; x_wconf 79' lang='grc' dir='ltr'><strong>ὄλλυμαι</strong></span> <span class='ocrx_word' id='word_1_251' title='bbox 1175 3612 1362 3692; x_wconf 80' lang='lat' dir='ltr'><strong>(v.1002)·</strong></span> 
     </span>
     <span class='ocr_line' id='line_1_32' title="bbox 177 3709 1338 3804; baseline -0.003 -20"><span class='ocrx_word' id='word_1_252' title='bbox 177 3718 388 3784; x_wconf 87' lang='lat' dir='ltr'><strong>vehementer</strong></span> <span class='ocrx_word' id='word_1_253' title='bbox 409 3717 605 3800; x_wconf 87' lang='lat' dir='ltr'><strong>requiratur,</strong></span> <span class='ocrx_word' id='word_1_254' title='bbox 628 3723 666 3783; x_wconf 94' lang='lat' dir='ltr'><strong>ut</strong></span> <span class='ocrx_word' id='word_1_255' title='bbox 685 3720 787 3785; x_wconf 87' lang='lat' dir='ltr'><strong>verba</strong></span> <span class='ocrx_word' id='word_1_256' title='bbox 807 3717 1043 3784; x_wconf 88' lang='lat' dir='ltr'><strong>dubitationem</strong></span> <span class='ocrx_word' id='word_1_257' title='bbox 1062 3712 1121 3804; x_wconf 74' lang='grc' dir='ltr'><strong>τὴν</strong></span> <span class='ocrx_word' id='word_1_258' title='bbox 1143 3712 1225 3782; x_wconf 73' lang='grc' dir='ltr'><strong>θεὸν</strong></span> <span class='ocrx_word' id='word_1_259' title='bbox 1244 3709 1338 3794; x_wconf 70' lang='grc' dir='ltr'><strong>ὅπως</strong></span> 
     </span>
     <span class='ocr_line' id='line_1_33' title="bbox 178 3821 1338 3912; baseline -0.002 -18"><span class='ocrx_word' id='word_1_260' title='bbox 178 3877 185 3894; x_wconf 94' lang='grc'><strong>.</strong></span> <span class='ocrx_word' id='word_1_261' title='bbox 211 3877 218 3892; x_wconf 95' lang='grc'><strong>.</strong></span> <span class='ocrx_word' id='word_1_262' title='bbox 242 3875 249 3894; x_wconf 92' lang='grc'><strong>.</strong></span> <span class='ocrx_word' id='word_1_263' title='bbox 273 3829 347 3905; x_wconf 78' lang='grc' dir='ltr'><strong>πῶς</strong></span> <span class='ocrx_word' id='word_1_264' title='bbox 369 3823 398 3892; x_wconf 80' lang='lat' dir='ltr'><strong>d’</strong></span> <span class='ocrx_word' id='word_1_265' title='bbox 418 3821 459 3892; x_wconf 78' lang='lat' dir='ltr'><strong>od</strong></span> <span class='ocrx_word' id='word_1_266' title='bbox 479 3829 648 3911; x_wconf 71' lang='grc' dir='ltr'><strong>θανοῦμαι</strong></span> <span class='ocrx_word' id='word_1_267' title='bbox 671 3877 807 3894; x_wconf 88' lang='grc'><strong>.....</strong></span> <span class='ocrx_word' id='word_1_268' title='bbox 832 3821 927 3912; x_wconf 73' lang='grc' dir='ltr'><em>λόγος</em></span> <span class='ocrx_word' id='word_1_269' title='bbox 955 3825 1158 3892; x_wconf 86' lang='lat' dir='ltr'><strong>continentia</strong></span> <span class='ocrx_word' id='word_1_270' title='bbox 1186 3842 1338 3910; x_wconf 85' lang='lat' dir='ltr'><strong>praegre-</strong></span> 
     </span>
     <span class='ocr_line' id='line_1_34' title="bbox 175 3933 767 4002; baseline 0.002 -2"><span class='ocrx_word' id='word_1_271' title='bbox 175 3933 317 4002; x_wconf 83' lang='lat' dir='ltr'><strong>dientur.</strong></span> <span class='ocrx_word' id='word_1_272' title='bbox 764 3947 767 3952; x_wconf 86' lang='lat'>&#39;</span> 
     </span>
    </p>
   </div>
   <div class='ocr_carea' id='block_1_6' title="bbox 177 4107 1339 4411">
    <p class='ocr_par' dir='ltr' id='par_1_6' title="bbox 177 4107 1339 4411">
     <span class='ocr_line' id='line_1_35' title="bbox 283 4107 1339 4190; baseline 0.001 -16"><span class='ocrx_word' id='word_1_273' title='bbox 283 4109 401 4190; x_wconf 88' lang='lat' dir='ltr'><strong>ltaque</strong></span> <span class='ocrx_word' id='word_1_274' title='bbox 432 4109 628 4176; x_wconf 87' lang='lat' dir='ltr'><strong>Weckleinii</strong></span> <span class='ocrx_word' id='word_1_275' title='bbox 648 4108 830 4190; x_wconf 87' lang='lat' dir='ltr'><strong>sententia,</strong></span> <span class='ocrx_word' id='word_1_276' title='bbox 867 4107 984 4190; x_wconf 85' lang='lat' dir='ltr'><strong>quippe</strong></span> <span class='ocrx_word' id='word_1_277' title='bbox 1013 4125 1096 4187; x_wconf 85' lang='lat' dir='ltr'><strong>quae</strong></span> <span class='ocrx_word' id='word_1_278' title='bbox 1121 4107 1268 4174; x_wconf 85' lang='lat' dir='ltr'><strong>faciliore</strong></span> <span class='ocrx_word' id='word_1_279' title='bbox 1297 4107 1339 4175; x_wconf 85' lang='lat' dir='ltr'><strong>ad</strong></span> 
     </span>
     <span class='ocr_line' id='line_1_36' title="bbox 177 4215 1339 4300; baseline 0.002 -18"><span class='ocrx_word' id='word_1_280' title='bbox 177 4219 436 4300; x_wconf 86' lang='lat' dir='ltr'><strong>persuadendum</strong></span> <span class='ocrx_word' id='word_1_281' title='bbox 461 4219 590 4285; x_wconf 87' lang='lat' dir='ltr'><strong>ratione</strong></span> <span class='ocrx_word' id='word_1_282' title='bbox 613 4219 756 4300; x_wconf 86' lang='lat' dir='ltr'><strong>nitatur,</strong></span> <span class='ocrx_word' id='word_1_283' title='bbox 790 4215 1006 4300; x_wconf 85' lang='lat' dir='ltr'><strong>praeferenda</strong></span> <span class='ocrx_word' id='word_1_284' title='bbox 1033 4215 1110 4282; x_wconf 90' lang='lat' dir='ltr'><strong>mihi</strong></span> <span class='ocrx_word' id='word_1_285' title='bbox 1139 4217 1267 4298; x_wconf 90' lang='lat' dir='ltr'><strong>quidem</strong></span> <span class='ocrx_word' id='word_1_286' title='bbox 1292 4219 1339 4284; x_wconf 90' lang='lat' dir='ltr'><strong>vi-</strong></span> 
     </span>
     <span class='ocr_line' id='line_1_37' title="bbox 177 4325 1338 4411; baseline 0.001 -17"><span class='ocrx_word' id='word_1_287' title='bbox 177 4325 282 4394; x_wconf 90' lang='lat' dir='ltr'><strong>detur.</strong></span> <span class='ocrx_word' id='word_1_288' title='bbox 327 4325 388 4395; x_wconf 85' lang='lat' dir='ltr'><strong>Cui</strong></span> <span class='ocrx_word' id='word_1_289' title='bbox 408 4326 527 4394; x_wconf 90' lang='lat' dir='ltr'><strong>iudicio</strong></span> <span class='ocrx_word' id='word_1_290' title='bbox 549 4325 679 4394; x_wconf 87' lang='lat' dir='ltr'><strong>etiamsi</strong></span> <span class='ocrx_word' id='word_1_291' title='bbox 702 4327 774 4411; x_wconf 88' lang='lat' dir='ltr'><strong>quis</strong></span> <span class='ocrx_word' id='word_1_292' title='bbox 795 4345 858 4396; x_wconf 92' lang='lat' dir='ltr'><strong>uon</strong></span> <span class='ocrx_word' id='word_1_293' title='bbox 883 4325 1064 4396; x_wconf 87' lang='lat' dir='ltr'><strong>assentitur</strong></span> <span class='ocrx_word' id='word_1_294' title='bbox 1095 4331 1147 4410; x_wconf 90' lang='lat' dir='ltr'><strong>et,</strong></span> <span class='ocrx_word' id='word_1_295' title='bbox 1173 4345 1244 4394; x_wconf 87' lang='lat' dir='ltr'><strong>cum</strong></span> <span class='ocrx_word' id='word_1_296' title='bbox 1274 4345 1338 4396; x_wconf 88' lang='lat' dir='ltr'><strong>nou</strong></span> 
     </span>
    </p>
   </div>
   <div class='ocr_carea' id='block_1_7' title="bbox 0 0 1510 4902">
    <p class='ocr_par' dir='ltr' id='par_1_7' title="bbox 0 0 1510 4902">
     <span class='ocr_line' id='line_1_38' title="bbox 0 0 1510 4902; baseline 0 0"><span class='ocrx_word' id='word_1_297' title='bbox 0 0 1510 4902; x_wconf 95' lang='lat' dir='ltr'><strong> </strong></span> 
     </span>
    </p>
   </div>
  </div>
 </body>
</html>
