2994 4902
656 267 995 332 -14-‘

185 437 353 519 opinatur,
382 438 457 518 qnia
480 437 622 520 Pylades
647 459 711 505 non
738 440 885 522 patiatur
910 439 1059 506 Orestem
1081 441 1266 508 'oraticnem
1298 441 1342 506 ad

185 545 280 610 finem
302 545 495 626 perducere3
520 550 556 612 ut
573 565 658 612 nova
677 547 877 614 alternorum
898 565 1048 614 versuum
1064 548 1164 613 series
1184 553 1341 615 nascatur

184 652 259 718 inde
282 671 302 717 a
323 671 355 718 v.
379 658 428 718 72.
473 652 558 720 Mira
585 653 731 736 profecto
760 655 984 738 ratiocinatio,
1021 674 1103 736 quae
1132 675 1151 722 a
1182 657 1341 724 Behrnsio

184 762 266 828 satis
286 759 434 825 refutata
456 765 516 826 est.
1220 773 1226 798 s

288 869 489 935 Gravissima
509 873 618 936 autem
637 888 745 951 causa,
764 875 802 936 ut
823 875 913 937 recte
929 871 1095 938 intellexit
1106 871 1339 953 WeckleiniuS,

184 979 266 1043 haec
288 978 429 1059 accedit,
459 978 543 1058 quod
565 996 663 1044 versu
687 983 727 1045 70
749 997 880 1061 prorsus
900 978 1062 1046 inutiliter
1083 985 1342 1062 praeoccupatur

184 1090 409 1169 argumentum
431 1103 582 1152 versuum
604 1091 645 1151 93
668 1103 715 1167 sq.
760 1086 853 1152 Adde
876 1089 960 1167 quod
975 1087 1109 1154 Orestes
1128 1088 1235 1155 animo
1256 1107 1340 1154 com-

184 1193 300 1258 motior
322 1197 374 1259 est
395 1211 490 1272 quarn
513 1201 549 1258 ut
572 1211 815 1276 supervacanea
838 1204 873 1260 et
894 1194 1005 1262 inania
1027 1196 1128 1261 verba
1151 1196 1184 1260 in
1201 1196 1341 1262 medium

184 1301 330 1383 proferat
341 1301 374 1386 ¹).
420 1300 588 1386 (Similiter
614 1319 643 1369 v.
670 1306 740 1368 772.
770 1307 841 1369 777.
869 1303 956 1390 780.)
1000 1301 1200 1385 Quamquam
1230 1309 1342 1370 autem

184 1409 349 1475 Seidlerus
370 1427 482 1475 vocem
507 1406 590 1475 tadu
610 1411 697 1476 haud
720 1409 977 1491 improbabiliter
998 1411 1084 1476 tueri
1112 1412 1238 1494 studet,
1269 1431 1342 1478 cum

183 1518 286 1583 locum
321 1517 452 1599 exponit
482 1516 664 1598 vertitque:
702 1536 787 1600 „non
815 1518 885 1583 uhi
922 1519 1128 1602 advenimuS,
1165 1521 1221 1586 sed
1253 1539 1342 1601 quo

183 1625 398 1706 tetendimuS,
434 1623 489 1690 ubi
520 1625 686 1707 appellere
723 1625 891 1691 consilium
929 1622 1133 1710 t'nit“,'(iph.
1166 1627 1203 1692 Τ.
1237 1633 1342 1693 1198:

181 1729 230 1819 ἄγ’
251 1731 335 1799 ’ἔνθα
356 1728 501 1818 χρῄζεις),
525 1737 635 1798 tamen
652 1734 771 1800 ceteris
786 1733 987 1817 gravissimis
1007 1735 1113 1800 causis
1133 1735 1343 1802 (1111111111-

183 1861 253 1909 sum
276 1848 316 1907 70
339 1859 471 1922 prorsus
488 1839 626 1907 otiosum
649 1859 667 1907 e
689 1845 785 1908 textu
805 1842 996 1908 movendum
1019 1861 1090 1908 esse
1112 1861 1237 1909 censeo.

598 2063 873 2070 -----—-...-—--.—--

284 2267 421 2334 Versum

284 2383 334 2444 76.
359 2370 430 2442 ἀλλ’
452 2368 665 2459 ἐγκυκλοῦντ’
687 2368 866 2459 ὀφθαλμὸν
888 2362 923 2440 εὖ
946 2361 1080 2440 σκοπεῖν
1102 2370 1208 2460 χρεών

184 2485 415 2568 interpolatum
438 2501 509 2550 esse
532 2484 667 2548 censent
689 2482 729 2548 O.
751 2481 938 2548 Dindorfius
960 2485 995 2548 et
1016 2482 1192 2566 Zieglerua

283 2592 337 2657 Ex
354 2591 517 2672 diverbia,
539 2590 623 2670 quod
643 2608 707 2657 vas.
730 2596 866 2656 67-75
896 2590 1099 2674 continetur,
1130 2589 1342 2658 manifestum

181 2703 242 2780 est,
270 2698 434 2765 hortantis
457 2703 491 2764 et
516 2697 753 2782 interrogantis
775 2701 887 2780 partes
907 2697 1049 2782 Orestis,
1079 2698 1281 2767 oboedientis
1306 2705 1344 2766 et

181 2807 407 2890 respondentis
429 2824 500 2872 esse
513 2804 658 2888 Pyladis.
684 2805 1342 2896 (111111111111111Κ111111(Β1111.1).212)

181 2933 309 2981 versum
341 2923 382 2982 76
414 2916 448 2980 in
484 2913 648 3006 codicibus
678 2913 787 2980 Oresti
817 2920 907 2980 recte
940 2916 1097 2982 tributum
1125 2933 1196 2981 esse
1230 2919 1340 3002 putat,

182 3021 439 3104 quandoquidem
462 3022 618 3105 Pylades,
648 3022 676 3089 si
700 3041 772 3088 eum
793 3023 1037 3106 pronuntiaret,
1071 3023 1198 3089 Orestis
1226 3028 1342 3104 partes

183 3133 363 3214 susciperet
385 3136 485 3212 atque
506 3131 601 3197 huius
621 3131 723 3213 ipsius
743 3131 850 3213 priore
872 3131 1096 3198 cohortatione
1122 3134 1166 3218 (v.
1189 3135 1244 3219 68)
1267 3149 1341 3198 eum

179 3243 414 3307 cohortaretur.
469 3240 561 3323 Quod
594 3258 670 3306 num
707 3245 797 3306 recte
826 3241 947 3307 dictum
983 3241 1043 3324 sit,
1082 3240 1179 3308 valde
1216 3240 1340 3320 dubito.

180 3349 327 3429 Namque
371 3347 514 3429 Pylades
569 3366 772 3428 nequaquam
821 3347 988 3430 Orestem,
1042 3349 1099 3414 sed
1142 3348 1239 3414 amici
1281 3350 1338 3416 ad-

180 3454 375 3522 hortationis
397 3455 513 3536 pr'ioris
530 3473 651 3521 memor
673 3474 708 3521 se
732 3455 835 3537 ipsum
851 3456 1099 3538 adhortaretur,
1122 3461 1159 3521 ut
1181 3460 1338 3522 nontam

180 3565 276 3632 amici
298 3568 410 3647 partes
432 3563 625 3646 susciperet,
649 3582 744 3644 quam
767 3582 856 3645 suaa,
881 3563 996 3644 quibus
1017 3563 1128 3630 Oresti
1148 3563 1210 3646 ipsi
1232 3565 1339 3647 magis

178 3674 313 3740 idoneus
338 3690 409 3738 esse
431 3669 570 3754 videtur,
595 3676 743 3738 servaret
765 3670 964 3755 diligentius
988 3690 1060 3738 oum
1080 3672 1115 3737 in
1136 3676 1231 3737 tanto
1252 3673 1337 3754 peri-

178 3782 242 3849 culi
274 3779 457 3846 discrimine
485 3779 581 3846 amici
608 3779 734 3847 animus
763 3781 804 3846 ad
835 3779 919 3847 alias
947 3799 1000 3846 res
1029 3781 1117 3864 (1.1.
1148 3781 1191 3847 ad
1218 3782 1339 3864 capitis

177 3890 354 3972 periculum
378 3895 413 3954 et
435 3888 599 3968 querelam
615 3889 655 3954 de
666 3889 832 3974 Apolline)
854 3889 899 3955 sit
919 3906 1103 3956 conversus.
1147 3889 1221 3954 Huc
1244 3908 1337 3956 acce·

180 3998 239 4080 dit,
263 3997 357 4079 quod,
381 3998 415 4061 et
438 3997 465 4062 si
488 3996 623 4063 Orestes
643 3997 781 4081 priorem
800 3997 1074 4079 cohortationem,
1102 4015 1185 4078 qnae
1207 4003 1337 4066 tantum

178 4105 329 4171 adriam
358 4104 589 4185 speculandum
611 4106 772 4188 pertinet,
796 4124 826 4173 v.
852 4112 891 4173 76
913 4105 1145 4189 amplificaret,
1177 4107 1338 4174 transitus

281 4337 300 4402 ¹)
321 4331 421 4386 Behrns
440 4333 524 4401 p.·l2.
