2994 4902
748 347 772 399 V

174 515 1338 600 M.Seyffert,deduplicireccnsioncIphigeniaeAulidensis

284 624 360 690 diss
384 625 459 690 Hal.
487 631 578 692 1831.

173 731 447 798 Zirndorfer:
481 733 522 798 de
556 731 722 814 Euripidis
753 729 984 814 Iphigenia
1021 731 1109 796 Aul.
1142 730 1217 796 diss.
1252 729 1338 796 Mar·

283 841 375 924 burg.
401 844 493 906 1834.
723 901 727 909 .
811 922 814 927 Ι

173 947 217 1014 G.
248 947 480 1015 Hermann:
523 949 562 1016 de
607 947 913 1029 interpolationibus
953 946 1207 1030 Iphigeniae
1248 947 1336 1014 Aul.

285 1061 367 1123 1847
390 1061 425 1123 61
449 1061 529 1123 1848
553 1063 673 1141 (opusc.
694 1056 787 1122 VIII
811 1075 843 1138 p.
865 1059 1058 1138 als—242).

170 1164 392 1247 Henning:
415 1165 456 1230 de
477 1164 735 1247 Iphigeniae
757 1163 1006 1230 Aulidensis
1032 1164 1136 1229 forma
1163 1181 1203 1228 ac
1231 1162 1337 1228 condi-

281 1272 381 1338 cione.
426 1273 502 1340 diss
529 1273 637 1339 Berol.
661 1279 755 1338 1869.

168 1381 355 1464 Berger:
397 1381 438 1447 de
469 1380 615 1448 Medea
644 1380 811 1462 Euripidis
845 1381 1018 1464 tragoedia
1051 1380 1092 1445 ab
1123 1379 1334 1446 histrionibus

279 1487 487 1570 interpolata.
534 1488 716 1572 Gottingae
744 1495 835 1555 1838.

168 1595 429 1662 Witzschel:
452 1596 492 1662 de
512 1594 661 1662 versibus
683 1595 717 1661 in
730 1595 896 1677 Euripidis
917 1593 1055 1660 Medea
1074 1594 1158 1659 male
1173 1593 1332 1675 repetitis,

277 1704 409 1786 Lipsiae
435 1709 528 1787 1840,
551 1709 616 1770 act.
640 1723 704 1771 soc.
728 1723 837 1788 graec.
863 1705 907 1786 II,
931 1723 960 1784 p.
988 1707 1165 1768 143-161.

176 1811 391 1879 Scheihel:
415 1814 456 1879 de
478 1813 646 1895 Euripidis
666 1813 895 1897 Hippolyto.
919 1811 1027 1877 Berol.
1052 1815 1143 1877 1841.

167 1920 313 1987 Gloel:
347 1921 387 1988 de
422 1922 676 2004 interpolatione
709 1920 923 2004 Hippolyti
960 1919 1094 1986 fabulae
1125 1917 1330 2000 Euripideae.

276 2027 351 2094 diss.
374 2028 450 2094 Hal.
477 2035 570 2095 1879.

165 2135 349 2201 Hutter:
374 2138 455 2202 iiber
477 2136 529 2202 dic
550 2135 688 2202 Hecuba
712 2137 770 2201 des
790 2135 915 2218 Eurip.‚
939 2134 1113 2217 ldiinchen,
1136 2139 1230 2200 1886.

163 2243 382 2312 Loet'fler:
424 2245 464 2311 de
496 2245 663 2327 Euripidis
694 2243 882 2326 Hecuba,
917 2262 1025 2327 progr.
1065 2241 1331 2309 Germano-Cro-

274 2368 384 2416 nense.
410 2357 502 2418 1869.

165 2457 356 2525 Wilken:
379 2458 419 2523 de
441 2458 672 2524 Alkestide
695 2458 884 2541 Euripides.
908 2460 1017 2526 Barol.
1044 2465 1134 2526 1867.

165 2566 331 2650 Queclr:
356 2564 396 2632 de
415 2566 581 2648 Euripidis
602 2566 792 2632 Electra.
816 2567 923 2632 Jenae
949 2571 1040 2633 1844.

165 2673 413 2757 Steinberg:
438 2674 952 2756 deinterpolatione,Euripidcae
966 2674 1129 2744 Electrae.
1149 2675 1224 2741 Hal.
1239 2679 1328 2740 1864.

164 2782 325 2850 Silber:
350 2782 390 2848 de
412 2781 578 2865 Euripidis
599 2783 789 2849 Bacchis.
815 2784 922 2850 Berol.
949 2789 1040 2848 1837.

164 2890 456 2956 lliddendori:
480 2891 728 2958 observationes
750 2892 783 2956 in
805 2891 973 2974 Euripidis
994 2893 1192 2958 Bacchas.
1216 2892 1328 2959 Mona·

271 2998 482 3066 6161111867,

163 3104 337 3172 Zastra:
364 3105 405 3172 de
417 3104 585 3186 Euripidis
601 3104 783 3171 Heracle
803 3105 942 3172 furente.
961 3107 1204 3181 111611611847.

165 3213 296 3278 Idem:
330 3213 586 3296 Untersuchung
624 3214 703 3279 iiber
741 3214 792 3279 die
828 3214 1009 3281 Hiketiden
1048 3218 1105 3284 des
1140 3219 1322 3302 Euripides.

268 3319 392 3386 Neisse.
418 3326 509 3387 1848.

163 3426 342 3493 Kdrner:
374 3429 454 3494 ouer
476 3428 649 3510 Euripides
671 3430 907 3497 Andromache.
931 3432 1103 3499 Ziillichau
1130 3441 1218 3502 1826.

269 3597 332 3680 Qui
346 3599 408 3665 viri
425 3600 513 3666 docti
531 3602 613 3666 satis
629 3602 799 3668 evidenter
815 3606 1132 3690 demonstraveruut,
1147 3608 1205 3674 has
1230 3611 1320 3676 labu-

162 3704 211 3770 las
244 3707 414 3787 permultis
444 3708 715 3790 interpolatorum
749 3712 982 3778 additamentis
1016 3733 1086 3779 esse
1114 3716 1319 3800 inquinatas;

160 3813 201 3878 de
225 3813 355 3896 cetaria,
388 3821 426 3881 ut
448 3835 489 3882 ex
518 3819 680 3900 opusculis
702 3837 799 3901 supra
823 3823 1080 3888 commemoratis
1101 3823 1317 3913 intellegitur,

159 3918 246 3987 idem
270 3921 398 4001 quidem
421 3928 568 4006 constat3
592 3928 650 3993 sed
662 3927 878 4010 quaestiones,
903 3929 1018 4008 quibus
1036 3929 1189 4014 deinceps
1208 3953 1318 4002 omnes

161 4027 414 4110 uniuscuiusque
425 4031 556 4098 fabulae
567 4035 668 4116 spurii
688 4053 801 4101 versus
816 4037 1003 4102 accuratius
1018 4039 1197 4106 examinati
1218 4044 1318 4109 conti·

159 4139 311 4217 neantur,
335 4143 490 4217 quantum
514 4140 589 4224 scio,
613 4143 752 4209 nondum
776 4148 918 4210 exstant.

263 4284 355 4352 Inter
391 4288 451 4356 has
487 4294 675 4375 tragoedias
696 4293 869 4376 Iphigenia
897 4295 1038 4362 Taurica
1072 4303 1132 4379 est,
1170 4319 1253 4380 quae
1286 4303 1319 4369 in

163 4395 454 4476 praestantissimis
485 4399 624 4470 omrrinm
656 4401 840 4472 tabularum
874 4405 1123 4490 Errripidearum
1159 4413 1319 4480 numerari
