2994 4902
636 389 850 450 ...19-

156 559 285 641 grudus
305 558 498 640 retulerunt,
523 557 638 638 quibus
661 556 849 622 ascenditur
870 555 903 620 in
927 554 1092 637 templum.
1126 553 1231 636 Quam
1253 552 1319 633 opi-

159 667 291 733 nionem
302 665 561 733 resterefuiavit
572 665 734 748 Bergkins
751 664 844 750 (Mus.
857 662 1081 745 RhenXVH,
1104 681 1133 744 p.
1147 667 1209 728 562
1222 667 1317 747 sqq.):

266 776 313 861 (1)
334 775 478 840 Primum
507 774 591 840 enirn
613 793 671 856 per
690 781 729 840 'se
752 777 880 856 patere,
913 771 941 838 si
971 771 1042 851 quis
1073 770 1105 836 in
1136 771 1319 836 aedificium

155 884 190 950 in
213 885 302 964 quod
324 883 480 966 gradibus
503 883 705 964 ascenditur,
727 883 830 950 vellet
851 880 984 947 introire
991 930 998 963 ,
1026 880 1072 962 ui,
1095 886 1133 946 uc
1154 897 1255 959 usque
1277 881 1321 946 ad

154 998 289 1074 portam
311 993 449 1072 veniret,
471 992 529 1058 hos
552 1010 623 1058 esse
645 990 877 1056 ascendendos,

264 1099 311 1186 (0)
333 1099 460 1166 Deinde
481 1101 566 1166 hunc
588 1117 756 1166 ascensum
777 1099 908 1164 nimime
928 1097 1093 1165 difficilem
1113 1116 1185 1164 esse
1204 1117 1318 1180 nsque,

152 1207 315 1289 imprimis
336 1213 435 1274 noctu
458 1213 535 1292 (qua
557 1208 597 1273 de
619 1226 655 1272 re
675 1205 763 1272 infra
783 1207 919 1289 videas),
942 1206 1168 1287 perniciosum.

264 1321 310 1399 (3)
334 1315 414 1382 Post
435 1317 475 1382 de
496 1317 617 1400 majore
636 1315 811 1381 altitudine
828 1315 1179 1382 escendondaverbum
1201 1313 1319 1395 ἐκβαί-

152 1448 225 1490 νειν
243 1442 317 1490 esse
331 1431 521 1506 usurpatum
538 1423 711 1511 (Hesych‚:
730 1421 863 1509 ἐκβῆναι
876 1417 966 1506 ὄροςς
984 1422 1234 1489 similiaPhoen.
1249 1431 1319 1490 100.

152 1526 287 1617 κλίμακ’
310 1531 439 1618 ἐκπέρα
457 1534 544 1598 ποδί.
571 1533 677 1600 Orest.
695 1539 756 1598 275
769 1549 831 1610 sq.:
860 1526 1035 1616 ἐξακρίζετ’
1051 1531 1170 1617 αἰθέρα
1180 1545 1321 1618 πτεροῖς.

151 1639 278 1708 Bacch.
299 1646 360 1708 677
378 1660 423 1722 sq.
452 1637 543 1724 πρὸς
570 1641 672 1718 λέκος
698 1634 965 1726 ὑπεξήκριζον),
996 1641 1037 1706 de
1057 1640 1179 1707 minore
1201 1648 1321 1724 auten,

152 1755 190 1816 uc
214 1749 259 1814 de
275 1749 388 1832 templi
399 1750 555 1832 gradibus
569 1750 626 1836 (cf.
640 1747 832 1833 Wiizschei.
847 1747 933 1828 apud
948 1745 1066 1830 Pauly,
1087 1748 1321 1833 Real-Encyoi.

151 1857 211 1940 VI,
236 1877 270 1938 p.
295 1857 391 1944 1677)
414 1853 611 1936 ἀναβαίνειν.
645 1856 782 1940 (Hecab.
806 1861 897 1922 1263.
918 1849 1003 1940 αὖτὴ
1024 1854 1109 1942 πρὸς
1129 1856 1221 1924 ἱστὸν
1243 1855 1323 1937 ναὸς

150 1958 292 2052 α’μβήσει
312 1966 397 2034 ποδί.
419 1966 587 2032 Demosth.
608 1964 705 2047 Lepi.
728 1983 760 2045 p.
775 1969 846 2031 373.
866 1957 1058 2043 ἀναβαίνειν
1080 1964 1132 2030 ἐπὶ
1153 1964 1192 2033 τὸ
1214 1971 1321 2056 βῆμα).

262 2076 304 2158 (4)
335 2074 418 2140 Turn
452 2073 539 2140 laios
566 2077 601 2139 oi
630 2075 717 2139 altos
746 2073 870 2156 gradus
904 2071 1102 2157 (‚,Stuien“)‚
1137 2076 1192 2156 qui
1224 2077 1319 2144 iidem

151 2182 275 2270 κρηπίς
297 2183 351 2248 vel
372 2183 527 2268 κρηπῖδες
548 2182 603 2249 vel
625 2182 822 2268 κρηπίδωρα
843 2181 1034 2265 (suggestus
1053 2185 1178 2271 templi)
1201 2193 1320 2272 essent,

150 2291 269 2360 vocari
306 2283 417 2376 βάθρα
446 2291 579 2376 (Troad.
608 2295 657 2355 15.
687 2286 774 2375 πρὸς
801 2290 973 2376 κρηπίδων·
1000 2282 1139 2376 βάθροις
1167 2295 1322 2362 πέπτωκε

153 2401 329 2486 Πρίαμος);
347 2391 404 2465 sed
415 2392 568 2484 α’μβάσεις
578 2399 631 2467 vel
646 2392 889 2484 προσαμβάσεις
903 2398 1012 2466 scalas
1026 2400 1321 2494 (Stiegen,Leitc1·)

149 2507 303 2592 apellari.
720 2566 723 2570 .

262 2615 387 2698 Quibus
396 2616 503 2682 causis
519 2615 758 2681 ductuseiloco
771 2613 954 2681 Pausaniae
965 2617 1019 2704 (V,
1034 2624 1083 2700 10,
1098 2623 1152 2684 1οε
1167 2614 1317 2710 ἑστήκασι

151 2728 188 2792 δὲ
218 2726 274 2790 καὶ
295 2721 388 2802 ἐντὸς
407 2727 468 2789 τοῦ
490 2725 574 2788 ναοῦ
597 2724 704 2799 κίονες
725 2723 780 2788 καὶ
802 2726 896 2790 στοαί
918 2749 953 2789 τε
980 2726 1077 2792 ἔνδον
1098 2721 1244 2818 ὑπερῷοι
1265 2737 1317 2800 καί

150 2829 324 2920 πρόσοδος
346 2834 386 2898 δι’
415 2827 527 2897 αὐτῶν
547 2829 599 2895 ἐπὶ
629 2827 669 2895 τὸ
698 2825 827 2918 ἄγαλμά
855 2833 963 2900 doctu:
1000 2839 1171 2923 πεποίηται
1201 2842 1238 2906 δέ
1264 2847 1316 2909 καὶ

151 2936 278 3017 ἄνοδος
296 2939 348 3006 iuri
362 2935 401 3004 τὸ
419 2935 546 3024 ὄροφον
562 2934 690 3023 σκολιά)
707 2940 797 3005 nisus
814 2941 978 3022 Bergkius
992 2937 1157 3028 δωμάτων
1173 2969 1318 3036 προσαμ·

154 3046 270 3129 βάσεις
291 3051 398 3116 scaias
414 3067 486 3114 esse
508 3052 633 3129 censet,
654 3049 769 3128 quibus
792 3050 996 3116 extrinsecus
1011 3069 1074 3117 non
1097 3054 1139 3119 ad
1157 3056 1244 3124 fores
1260 3062 1318 3128 sed

154 3161 199 3225 ad
212 3175 371 3224 summam
386 3157 509 3238 aedem,
532 3155 553 3220 i.
566 3175 593 3221 e.
607 3155 641 3221 in
662 3156 843 3238 superiores
855 3157 999 3238 porticus
1011 3160 1069 3224 sub
1087 3166 1176 3228 tecto
1200 3165 1317 3251 iactas

153 3266 357 3346 asceudant3
381 3265 456 3332 hinc
475 3261 649 3330 siniuiacro
671 3265 770 3346 potiri
795 3265 986 3331 facillimum
1005 3268 1118 3336 videri.
1160 3274 1207 3338 Ac
1226 3275 1316 3342 illuni

153 3375 296 3456 aditum,
318 3378 433 3456 utpote
454 3391 516 3452 quo
534 3372 624 3438 locus
641 3371 797 3439 facillime
809 3374 1011 3442 extrinsecus
1029 3376 1062 3442 in
1081 3380 1194 3446 aedem
1205 3383 1317 3451 irrum-

157 3482 260 3566 pendi
270 3484 477 3564 praebeatur,
499 3481 627 3547 occludi
645 3467 804 3563 oportere,
817 3480 888 3561 quis
907 3488 961 3548 esc
976 3484 1053 3564 quin
1063 3486 1199 3556 videat?
1220 3493 1319 3561 Cuius

155 3591 347 3676 argumenti
366 3591 432 3657 vim
454 3590 524 3671 ipse
546 3589 596 3654 iia
614 3589 803 3654 imminuere
826 3595 972 3674 conatur,
996 3598 1042 3674 uc,
1066 3598 1128 3662 esti
1141 3599 1225 3666 hano
1246 3622 1318 3683 por·

156 3707 226 3766 tam
245 3699 391 3764 clausam
410 3716 482 3764 esse
502 3697 571 3764 veri
587 3696 692 3762 simile
707 3697 760 3778 sii,
779 3701 890 3763 tamen
906 3699 1084 3766 claustrum
1105 3704 1174 3770 eins
1190 3707 1319 3776 facilius

155 3806 301 3874 reserari
330 3806 474 3890 potuisse
505 3806 692 3872 arbitretur.
742 3806 898 3872 Fortasse
925 3815 1036 3875 autern
1065 3814 1155 3880 scala
1184 3835 1318 3886 escensa

156 3917 191 3984 in
223 3916 370 4000 porticus
397 3916 474 3981 illas
503 3915 685 3997 superiores
713 3915 940 3982 adulescentes
962 3919 1049 3985 saltu
1070 3925 1240 4002 pervenire
1262 3947 1317 4010 po·

158 4027 273 4094 coisse.
304 4024 396 4108 Quae
416 4024 591 4106 sententia,
613 4024 835 4105 quamvisper
855 4042 889 4090 se
907 4025 986 4091 i'erri
1002 4029 1114 4112 possit,
1133 4035 1243 4100 tamen
1256 4038 1316 4102 rei-

158 4134 279 4202 cienda
301 4133 441 4214 videtur,
463 4133 538 4212 quia
558 4151 598 4199 ex
620 4133 680 4198 hoc
699 4134 769 4198 loco
784 4151 846 4198 non
865 4135 1084 4218 perspicimus,
1108 4157 1182 4206 num
1199 4153 1315 4223 poetae
1388 4133 1394 4150 ”

154 4249 268 4312 cnimo
290 4242 401 4308 adicus
425 4241 604 4308 huiusmodi
626 4243 818 4308 observatus
837 4242 887 4307 sit.

266 4351 385 4418 Parum
402 4351 597 4418 verisimilis
612 4351 778 4434 estopinio
790 4351 922 4433 Klotzii‚
937 4347 1319 4446 0111διιιμιίτωνπρασιαι·

160 4454 271 4540 βάσεις
285 4462 407 4544 gradus
419 4465 477 4526 anui.
492 4459 599 4525 scalas
614 4461 831 4526 aedificiorum
851 4480 948 4542 prope
966 4465 1119 4544 ternplum
1139 4477 1318 4536 exstructo·

1079 4569 1113 4601 ou
