2994 4902
639 337 851 396 ..21-

343 513 393 573 99.
417 500 435 592 ἢ
455 500 678 591 χαλκότευκτα
700 509 829 591 κλῇθρα
852 499 1007 581 λύσαντες
1028 507 1170 589 μοχλοῖς,

327 620 394 680 100.
419 603 467 680 oio
489 609 587 681 οὐδὲν
609 613 708 698 ἰ’σμεν.

273 723 309 786 ln
331 724 392 788 hac
413 723 558 789 codicum
582 723 759 806 scriptura,
788 739 883 802 quam
908 721 1121 803 depravatam
1142 737 1215 783 esse
1241 715 1327 781 inter

162 847 282 894 omnes
297 835 435 914 constat,
453 831 490 898 G.
503 831 710 896 Hermannus
734 847 868 909 eumque
890 833 1021 894 secutus
1034 826 1205 910 Zieglerus
1227 821 1327 906 parti·

160 937 276 1002 culam
299 938 527 1006 disiunctivam
549 934 568 1025 ἢ
589 939 730 1006 mutavit
754 939 788 1004 in
811 937 1081 1020 interrogativam
1105 923 1132 1020 ἢ.
1178 931 1327 998 Handins

159 1049 278 1110 autem
308 1065 365 1128 pro
394 1041 413 1134 ἢ
446 1047 577 1128 scripsit
605 1049 658 1112 καὶ
688 1048 829 1113 eiusdem
864 1042 1112 1130 significationis
1146 1060 1186 1108 ao
1212 1040 1327 1122 καίπερ

159 1154 337 1234 locumque
364 1153 413 1220 ita
444 1155 617 1238 explicuit:
658 1156 851 1237 ,quomoda
889 1155 989 1221 etiam
1018 1150 1173 1219 claustris
1201 1149 1326 1230 solutis,

158 1279 408 1346 cognoscamus,
433 1283 516 1344 quae
538 1263 630 1330 nobis
650 1268 727 1330 sunt
748 1261 939 1346 incognita?
962 1261 1037 1342 qnid
1069 1259 1165 1326 iuvat
1193 1258 1228 1323 in
1247 1261 1328 1323 tem-

158 1371 256 1454 plum
281 1373 467 1455 irrumpere,
488 1371 522 1438 in
545 1389 606 1452 qno
627 1371 734 1455 ignari
755 1373 898 1437 locorum
915 1370 974 1437 vix
995 1367 1207 1448 inveniemus,
1231 1381 1328 1446 quam

158 1479 352 1560 quaerimus
374 1479 562 1546 statuam?“
610 1479 700 1563 Quas
721 1479 905 1546 sententias
925 1478 1066 1546 Kvicala
1089 1473 1202 1560 (Beitr.
1214 1475 1327 1557 p.214)

158 1589 239 1654 inre
263 1587 385 1657 reiecit.
429 1588 542 1669 Neque
565 1588 650 1654 enirn
672 1588 887 1671 intellegitur,
906 1606 973 1669 cnr,
996 1587 1025 1652 si
1048 1584 1183 1651 Orestes
1205 1581 1329 1647 foribus

156 1695 293 1778 apertis
314 1714 389 1762 num
411 1697 617 1762 simulacrum
641 1696 835 1764 inventurus
856 1696 901 1761 sit
919 1695 1066 1775 dubitat,
1096 1691 1241 1775 Pylades
1271 1691 1329 1756 hos

159 1805 336 1886 scrupulos
362 1823 403 1871 ne
432 1805 734 1871 commemoratione
763 1805 891 1886 quidem
918 1803 1034 1887 dignos
1067 1804 1202 1867 censeat
1224 1816 1329 1879 neque

159 1911 305 1978 Orestes
327 1913 463 1979 eandem
488 1912 723 1979 dubitationem
746 1916 861 1979 contra
882 1913 925 1995 id,
948 1911 1034 1993 quod
1051 1909 1196 1993 Pylades
1215 1926 1246 1973 v.
1267 1911 1328 1971 113

159 2019 336 2102 proponit,
363 2020 531 2086 consilium
558 2012 591 2085 in
613 2020 751 2087 medinm
771 2021 929 2102 proferat.
976 2018 1081 2101 Quam
1106 2019 1146 2082 ob
1169 2034 1238 2081 rem
1260 2013 1330 2080 sinc

158 2127 408 2195 dnbioOrestes
422 2129 483 2194 sibi
495 2130 694 2210 persuasisse
713 2130 877 2211 putandus
899 2131 960 2209 est,
982 2125 1011 2192 si
1028 2125 1121 2192 modo
1137 2122 1328 2202 introiisset,

158 2254 214 2320 se,
251 2254 334 2317 qnae
355 2237 398 2302 ad
428 2241 572 2304 statuam
594 2237 830 2321 surripiendum
851 2235 1039 2303 necessaria
1061 2239 1188 2316 essent,
1216 2231 1329 2299 inven-

158 2351 277 2411 turum
298 2362 378 2413 esse.

272 2452 397 2519 Eadem
414 2457 610 2536 argumenta
620 2453 735 2518 valent
747 2453 787 2518 ad
804 2452 1000 2518 refutandas
1012 2449 1180 2532 opiniones
1191 2447 1330 2516 Seidleri

159 2561 348 2645 Hartungii
379 2546 581 2642 Banerique,
618 2561 673 2642 qui
706 2580 838 2628 versum
872 2567 913 2628 99
945 2560 1016 2626 loco
1054 2578 1111 2626 suo
1148 2564 1328 2628 moverunt.

157 2672 261 2738 Aliae
290 2688 410 2754 graves
436 2688 555 2736 causae
576 2670 748 2740 accedunt.
793 2669 829 2735 Si
853 2668 1018 2736 Seidlcms
1045 2667 1228 2734 trimetmm
1255 2676 1330 2752 post

156 2799 188 2846 v.
227 2785 269 2844 97
312 2779 518 2844 inserendum
556 2782 686 2859 censet,
733 2778 865 2845 etiamsi
896 2770 1061 2862 δωμάτων
1095 2769 1247 2862 α’μβᾰσεις
1280 2778 1328 2844 in-

158 2887 296 2969 tellegit
321 2887 523 2967 occasiones,
554 2886 612 2952 ubi
641 2880 792 2972 α’μβατόν
815 2885 884 2954 ἐστι
913 2879 1022 2970 σῶμα,
1054 2890 1164 2951 tamen
1194 2887 1327 2954 verbum
1426 2959 1431 2971 ,

158 2989 407 3083 ἐκβησόμεσθα,
431 3001 468 3060 ut
491 2995 562 3076 ipse
591 2995 713 3078 sensit,
745 2995 840 3062 modo
869 2994 910 3061 ad
937 2989 1022 3078 πρὸς
1050 2988 1202 3079 α’μβάσεις
1223 3013 1328 3077 neque

158 3125 241 3172 vero
259 3106 300 3171 ad
320 3107 449 3190 κλῇθρα
471 3096 633 3184 λύσαντες
653 3111 789 3192 μοχλοῖς
802 3105 952 3184 quadrat.
997 3101 1075 3168 Post
1086 3121 1117 3168 v.
1134 3109 1193 3167 100
1205 3107 1325 3184 autern,

158 3232 226 3295 qno
247 3213 288 3278 ab
300 3208 485 3292 Hartungio
507 3213 543 3273 et
567 3210 698 3278 Bauero
723 3212 906 3278 translatus
929 3213 989 3292 est,
1012 3207 1215 3292 importunae
1234 3229 1325 3292 repe·

159 3321 291 3388 titionis
312 3319 520 3387 offensionem
543 3321 683 3401 praebet
702 3338 743 3386 ac
763 3317 968 3400 participium
992 3317 1106 3384 aoristi
1127 3317 1232 3384 minus
1250 3338 1324 3385 oon·

157 3430 255 3498 venit
284 3430 325 3494 ad
355 3426 545 3510 praesentia
566 3423 754 3512 α’νσίγσντες
776 3433 810 3492 et
833 3419 1071 3512 μηχανώμενοι.
1116 3426 1241 3494 Neutra
1263 3429 1324 3512 igi·

159 3545 218 3606 tur
242 3539 355 3603 harum
377 3536 613 3618 transponendi
635 3534 796 3599 rationum
817 3535 1070 3616 comprobanda,
1100 3539 1247 3601 attamen
1269 3555 1323 3602 ue·

160 3665 326 3728 quaquam
361 3663 433 3710 curn
461 3642 500 3708 G.
531 3643 699 3709 Dindorfio
729 3660 844 3709 versus
874 3642 1030 3708 delendus
1057 3649 1117 3708 est.
1170 3643 1233 3726 Qui
1266 3663 1324 3710 cur

159 3753 355 3820 retinendus
376 3753 431 3832 sit,
455 3751 567 3834 paucis
587 3750 615 3815 si
637 3751 747 3831 placet
769 3768 970 3830 quaeramus

268 3860 344 3926 Iure
366 3860 505 3941 quodam
527 3858 580 3924 hic
599 3857 650 3924 vir
672 3858 786 3924 doctus
802 3876 956 3923 conexum
978 3855 1026 3922 ita
1037 3857 1183 3924 defendit
1200 3860 1322 3942 (annal.

159 3969 275 4052 philol.
290 3975 385 4037 1868.
400 3990 432 4051 p.
449 3972 542 4050 4oe):
564 3967 639 4048 quia
656 3965 791 4032 Orestes
810 3966 902 4031 modo
923 3965 1116 4047 narraverit,
1140 3967 1321 4048 Apollinem

161 4078 253 4144 nullo
277 4079 370 4146 modo
393 4078 564 4158 indicasse,
588 4093 651 4156 qna
673 4072 799 4140 ratione
821 4075 902 4140 deae
924 4073 1050 4156 signum
1072 4073 1266 4158 auferretur,
1288 4079 1323 4141 et

161 4185 257 4253 modo
278 4186 416 4253 amicum
440 4183 694 4266 interrogaverit
715 4183 746 4248 rt
768 4184 908 4268 δρῶμεν,
931 4185 1004 4249 arte
1025 4181 1199 4250 coniuncta
1220 4183 1322 4249 verba

162 4298 238 4373 πῶς
266 4290 352 4382 (ἄρ’)
381 4285 442 4362 οὖν
470 4288 632 4380 μάθοιμεν
661 4285 705 4356 ἂν
733 4279 782 4356 ὦν
812 4285 910 4356 οὐδὲν
940 4290 1046 4376 iopam
1084 4291 1163 4356 nilril
1194 4309 1323 4356 movere

164 4405 363 4472 oll'ensiouis.
416 4405 479 4470 Sed
511 4405 642 4486 practer
669 4404 861 4484 argumenta
890 4405 1004 4466 contra
1034 4399 1072 4466 G.
1104 4398 1322 4466 Hermannum
