2994 4902
633 248 846 309 -38ψ

167 409 290 498 τάτοις,
327 433 423 495 quam
450 433 573 482 conexu
601 414 721 496 requiri
747 419 860 498 putat,
891 433 963 482 cum
990 433 1027 480 eo
1057 433 1120 481 non
1150 412 1317 478 sentimus.

166 521 369 606 Quamquam
398 523 483 589 enim
516 523 576 590 ille
604 524 770 591 sententia
800 523 952 592 universa
979 528 1089 607 potest
1118 541 1189 590 esse
1222 520 1320 587 buius

166 648 295 698 sensus:
334 631 481 698 infelices
509 637 570 698 etc.
600 633 777 716 gentilibus
802 638 879 699 sunt
906 632 1073 716 malevoli,
1102 636 1213 698 tamen
1239 628 1318 710 quid

164 739 384 821 superlativus
406 735 667 826 συγγενεστάτοις
692 741 754 808 sibi
775 741 872 824 velit,
901 760 942 807 ex
960 759 1025 808 vss.
1050 744 1232 806 342-350
1252 755 1320 802 non

42 913 45 920 .
163 847 366 930 perspicitur.
412 848 558 930 Namque
586 850 777 916 vocabulum
804 841 1023 935 iniuriosior
1052 847 1202 915 universe
1222 844 1319 912 Euri·

165 954 272 1037 pidem
296 954 509 1039 intellexisse,
529 975 570 1023 ex
590 976 627 1024 eo
648 962 796 1042 apparet,
821 959 904 1039 quod
927 958 1025 1040 paulo
1045 960 1119 1040 post
1138 957 1181 1042 (v.
1190 959 1263 1040 347)
1283 955 1320 1022 in

164 1062 349 1131 universum
371 1064 608 1148 interpretatur
627 1059 785 1154 Ἕλληνας
805 1060 933 1153 ἄνδρας.
977 1065 1049 1132 Vox
1076 1070 1185 1133 autem
1215 1058 1319 1143 αὐτοὶ,

167 1172 285 1256 quippe
307 1191 370 1254 qua
391 1174 572 1240 subiectum
602 1171 633 1240 oi
653 1175 818 1260 δυστυχεὶς
839 1173 986 1259 graviter
1006 1177 1187 1258 opponatur
1206 1171 1322 1241 dativo

168 1293 254 1348 color
290 1282 573 1369 δυστυχεστέροις,
611 1283 689 1350 ferri
722 1283 854 1350 videtur
880 1300 984 1366 paese.
1043 1283 1161 1364 ltaque
1196 1281 1326 1365 Engeri
1383 1261 1387 1274 ⁸

167 1389 261 1472 (Mus.
269 1390 497 1459 Rhemllvol.
504 1397 604 1475 pale
615 1395 677 1479 sq.)
696 1392 916 1462 coniecturam
937 1386 1084 1473 αὐτίκα,
1107 1409 1190 1471 quae
1212 1389 1327 1458 sensui

165 1516 281 1566 versus
293 1505 355 1566 348
372 1518 436 1567 non
459 1505 629 1584 repugnet,
650 1520 729 1584 opus
752 1519 823 1566 esse
842 1501 1037 1584 negaverim.
1080 1499 1205 1565 Iniuria
1225 1516 1326 1581 porro

166 1607 206 1676 F.
230 1605 270 1672 G.
293 1607 492 1674 Schmidtius
513 1609 614 1676 verba
635 1611 747 1687 κακῶς
767 1601 951 1695 πράξαντες
978 1608 1012 1674 in
1033 1607 1245 1702 suspicionem
1266 1607 1325 1672 ad·

168 1715 271 1782 duxit.
309 1715 527 1798 Respondent
550 1717 633 1784 enim
663 1717 817 1799 temporis
848 1715 986 1798 notioni,
1013 1733 1097 1797 quae
1122 1713 1210 1780 inest
1232 1713 1266 1779 in
1288 1701 1326 1793 ἐξ

168 1817 308 1909 ὀνείρων
331 1827 365 1889 et
388 1842 429 1889 ex
447 1822 644 1890 Weckleinii
662 1824 934 1906 interpretatione
955 1823 1085 1891 valent:
1108 1840 1180 1888 oum
1200 1823 1325 1907 (wenn)

167 1931 201 1998 in
224 1950 278 1998 res
299 1932 457 2000 adversas
476 1933 670 2001 inciderunt.
714 1933 822 2017 (Sopb.
842 1933 926 2000 Phil.
949 1939 1030 2000 1269
1054 1935 1166 2010 κακῶς
1181 1927 1326 2016 ἔτραξα;

169 2040 209 2107 de
248 2040 421 2124 participio
457 2041 572 2109 aoristi
600 2041 693 2111 verbi
724 2041 905 2110 huiusmodi
934 2041 975 2110 oi.
1000 2040 1123 2124 Krueg.
1152 2059 1200 2124 gr.
1223 2060 1271 2123 gr.
1298 2040 1326 2107 I.

170 2154 219 2214 53.
239 2153 268 2215 5.
290 2151 331 2235 2).
375 2149 453 2217 Ideo
473 2155 622 2234 nonest,
651 2169 709 2216 our
735 2149 778 2216 ad
806 2149 976 2217 Schmidtii
1000 2150 1213 2216 mutationem
1236 2149 1328 2216 haud

169 2257 218 2325 ita
238 2258 437 2340 probabilem
453 2261 564 2337 κακῶς
586 2259 847 2343 (ungliickliober
866 2259 985 2340 Weise)
1002 2260 1204 2341 πταίσαντες,
1228 2277 1326 2339 quam

169 2364 211 2430 ad
245 2383 373 2432 sensum
407 2365 611 2433 efficiendum
643 2367 801 2450 aptiorem
828 2385 900 2434 esse
931 2371 1059 2450 censet,
1092 2367 1325 2451 confugiamus.

171 2472 320 2555 Denique
342 2476 489 2556 equidem
511 2495 576 2543 non
590 2476 759 2559 intellego,
781 2495 882 2557 quare
898 2476 950 2543 bio
963 2476 1015 2546 vir
1033 2476 1150 2544 doctus
1167 2475 1326 2558 requirat,

171 2584 208 2646 ut
233 2581 405 2666 Iphigenia
435 2583 541 2667 dicat,
569 2602 680 2651 casum
699 2586 887 2668 adversum,
917 2585 950 2650 in
974 2604 1036 2667 quo
1058 2603 1144 2651 nunc
1165 2587 1328 2667 versetur,

172 2689 325 2757 maiorem
352 2709 539 2772 essequam
560 2691 733 2774 pristinum
755 2696 790 2758 et
813 2711 884 2759 sese
913 2694 953 2760 ob
981 2693 1042 2759 boc
1070 2693 1174 2774 ipsum
1192 2691 1330 2774 gravius

172 2798 292 2865 malum
321 2799 427 2866 auimo
457 2818 528 2868 esse
558 2799 695 2867 infenso.
740 2800 838 2882 Nam,
870 2804 909 2867 ut
938 2801 1003 2867 iam
1030 2819 1128 2882 supra
1150 2799 1329 2883 docuimus,

173 2906 325 2973 sacerdos
345 2906 462 2975 infelix
483 2907 518 2996 (i.
537 2926 564 2974 e.
585 2908 695 2992 patrie
711 2909 857 2996 private)
875 2907 1008 3008 somnio,
1029 2907 1222 2974 cumfratre
1244 2927 1330 2975 mor·

173 3018 229 3082 tuo
259 3016 385 3081 domum
416 3033 507 3082 suam
537 3015 672 3098 periisse
702 3021 806 3084 totam
835 3017 987 3100 opinatur
1013 3016 1067 3102 (cf.
1088 3034 1154 3084 uss.
1175 3019 1329 3100 44-58),

174 3123 265 3191 iacta
293 3127 345 3191 est
371 3124 473 3190 multo
498 3122 666 3190 infelicior.
712 3125 811 3191 Ouius
832 3125 881 3191 rei
905 3142 1061 3192 summum
1087 3125 1228 3190 dolorem
1250 3142 1330 3190 num

175 3230 399 3299 vehementius
417 3234 528 3313 potest
547 3231 733 3314 significare
755 3250 849 3314 quarn
867 3234 967 3300 verbo
986 3224 1199 3320 ἡγριώμεθαΡ
1220 3229 1330 3314 Quid?

175 3341 248 3409 Hac
268 3341 341 3424 ipsa
360 3342 486 3409 recenti
506 3343 639 3409 fortuna
656 3344 796 3412 adversa
815 3347 976 3411 mutatum
998 3362 1070 3410 esse
1085 3342 1155 3410 eius
1175 3342 1330 3427 animum,

175 3450 247 3533 quis
269 3455 321 3518 est
339 3451 416 3534 quin
437 3470 456 3518 e
477 3469 542 3520 uss.
564 3455 734 3519 ala-350
756 3449 954 3536 intellegat?

279 3561 372 3645 Quae
403 3561 431 3627 si
461 3563 552 3630 recte
581 3560 749 3644 disputata
780 3565 872 3643 sunt,
906 3579 975 3628 meo
1006 3561 1133 3641 quidem
1165 3557 1333 3626 arbitratu

176 3688 240 3735 non
263 3673 323 3752 est,
347 3688 404 3736 cur
426 3668 567 3738 trimetri
587 3675 650 3737 352
669 3688 716 3751 sq.
738 3669 917 3736 deleantur.

279 3779 415 3862 Restat,
448 3783 487 3845 ut
514 3780 555 3847 de
585 3778 712 3844 senario
742 3782 803 3843 351
835 3777 948 3860 paucis
975 3777 1163 3843 disseratur.
1207 3774 1333 3843 Versus

176 3891 251 3969 post
278 3906 325 3956 vs.
345 3894 422 3972 349,
453 3894 491 3955 ut
518 3886 712 3955 Schenkelio
742 3889 868 3970 placet,
897 3885 1038 3968 positus,
1069 3901 1332 3968 supervacaneus

178 3998 239 4059 est.
283 3995 365 4063 Nam
388 3998 526 4065 everbo
544 3989 735 4083 ἠγριώμεθα
756 3996 838 4062 satis
857 3997 1004 4078 apparet,
1026 3999 1226 4076 quantopere
1242 3992 1332 4074 lphi-

178 4104 276 4186 genia
307 4105 414 4172 animo
448 4109 607 4174 commota
639 4103 748 4171 luerit.
791 4104 828 4174 L.
848 4102 1008 4170 Dindorlii
1036 4100 1128 4168 facili
1150 4098 1332 4168 mutatione

178 4201 344 4298 ᾐσθόμην
363 4231 420 4294 pro
441 4207 615 4301 ἠχθόμην,
639 4231 734 4294 quam
756 4209 1128 4295 praeterScbenkelium
1152 4207 1254 4274 ceteri
1269 4208 1331 4273 cri-

179 4320 238 4392 tici
261 4322 480 4408 oomprobant,
502 4340 616 4391 versus
637 4322 686 4390 ita
707 4321 897 4390 emendatus
916 4324 987 4402 est,
1016 4321 1053 4385 ut
1072 4322 1236 4398 tamquam
1257 4335 1333 4398 pro·
