2994 4902
617 302 833 362 ..53-

248 467 371 533 Restat
407 473 444 533 ut
493 472 556 535 vim
593 468 753 552 tragicam
789 467 1005 548 anquiramus.
1053 466 1095 533 H.
1127 464 1304 532 Muellerus

140 572 344 654 arbitratur,
369 594 431 641 vss.
455 581 516 642 623
531 595 578 657 sq.
601 575 902 642 commemoratione
924 573 1086 640 hominum
1106 572 1235 639 illorum
1256 571 1304 638 iu·

142 679 270 746 firmari
301 687 421 748 metum
449 683 606 750 orientem
637 703 678 749 ex
704 701 743 749 ea
772 702 823 762 re,
853 683 937 762 quod
966 700 1056 749 soror
1084 699 1174 747 suum
1204 679 1304 761 ipsius

142 789 285 855 fratrem
314 789 356 855 ad
386 792 576 874 supphcium
598 791 786 856 sumendum
816 794 987 857 sacraturo
1016 789 1069 855 sit.
1113 789 1191 871 Ipsa
1219 788 1304 855 enim

144 897 280 964 illorum
303 899 466 967 mentione
481 905 685 983 spectatores
699 899 831 981 moneri,
855 898 977 979 aliquid
996 915 1068 964 esse
1085 897 1184 962 etiam
1199 896 1304 980 magis

142 1007 374 1074 metuendum:
409 1009 437 1074 si
459 1009 631 1092 Iphigenia
651 1009 722 1090 ipsa
743 1007 877 1074 fratrem
900 1007 1049 1090 iugulare
1070 1006 1198 1072 debeat.
1243 1007 1303 1072 Oui

140 1113 290 1196 opinioni
322 1116 489 1194 quominus
517 1116 742 1198 assentiamur,
772 1115 985 1199 gravissimae
1013 1131 1131 1180 causae
1158 1116 1302 1182 obstant.

246 1287 329 1352 Cum
356 1289 389 1354 in
419 1288 659 1355 sacrificatione
688 1289 769 1355 nibil
799 1289 862 1355 nisi
891 1287 1069 1371 auspicium
1090 1307 1111 1353 a
1131 1287 1302 1354 sacerdote

137 1393 213 1476 ipsa
230 1393 424 1464 conficiatur
436 1397 491 1482 (cf.
505 1415 569 1464 vss.
580 1403 630 1464 66.
643 1401 714 1463 244.
727 1403 799 1464 776.
811 1399 874 1464 704
885 1415 933 1477 sq.
947 1401 1008 1462 363
1020 1413 1068 1476 sq.
1087 1435 1125 1444 -
1137 1399 1178 1462 40
1188 1413 1235 1476 sq.
1245 1395 1302 1486 [?])

137 1505 173 1566 et
196 1503 288 1570 hanc
310 1503 350 1568 cb
371 1504 686 1588 causamlphigenia
706 1523 783 1571 ense
800 1504 1006 1589 peregrinum
1026 1522 1062 1569 se
1084 1507 1301 1570 mactaturam

136 1627 212 1676 esse
235 1611 331 1677 modo
349 1612 393 1699 (v.
410 1614 487 1701 622)
510 1614 698 1697 negaverit,
726 1613 797 1678 fieri
820 1613 947 1680 omnino
969 1612 1096 1696 nequit,
1126 1617 1164 1679 ut
1187 1612 1246 1679 ulli
1266 1613 1300 1678 in

135 1723 286 1784 mentem
306 1719 428 1802 veniat,
451 1719 591 1787 fortasse
612 1739 671 1787 sua
693 1720 796 1802 ipsius
816 1739 913 1787 manu
935 1739 1075 1786 sororem
1098 1721 1217 1787 debere
1234 1719 1301 1786 fra-

136 1829 224 1892 trem
248 1828 396 1899 caedere.
430 1829 530 1895 Porro
549 1829 732 1912 Euripides,
755 1847 826 1894 cum
838 1829 989 1894 Orestem
1005 1847 1037 1895 r.
1050 1835 1110 1895 621
1130 1829 1172 1896 dc
1191 1828 1300 1894 immo-

135 1934 276 2018 latione,
292 1935 493 2020 quaegladio
505 1936 552 2020 fit,
566 1937 788 2003 sciscitantem
799 1937 889 2020 facit,
905 1937 1044 2004 alteram
1053 1935 1301 2003 sacrificationis

134 2049 267 2123 partem
289 2043 424 2128 IndIcat,
448 2064 531 2126 quae
547 2047 589 2111 ab
612 2047 719 2112 altera
740 2064 803 2112 non
821 2049 931 2127 potest
950 2046 1105 2127 separari.
1127 2043 1300 2128 Iphigenia

134 2155 253 2218 autern
274 2169 371 2218 versu
393 2159 455 2219 622
478 2153 598 2219 leniter
626 2153 805 2236 significat,
826 2191 868 2201 -
890 2157 928 2218 ut
956 2152 996 2221 it
1019 2153 1197 2219 Muellerus
1226 2171 1299 2219 con-

136 2259 231 2325 cedit
255 2297 313 2341 -,
338 2258 489 2326 Orestem
510 2259 721 2327 interiectum
742 2260 784 2327 iri
804 2278 904 2342 opera
925 2259 1070 2325 aliorum.
1115 2259 1188 2327 Huc
1210 2261 1300 2327 aliud

133 2365 368 2449 gravissimum
403 2368 541 2434 accedit.
593 2367 768 2452 Sacerdos,
804 2386 997 2449 quamquam
1030 2368 1117 2435 hand
1156 2369 1297 2452 ignorat,

134 2473 250 2556 gladio
282 2473 442 2541 advenam
472 2493 508 2540 se
536 2492 599 2541 nou
632 2494 703 2542 esse
733 2475 1003 2553 sacrificaturam,
1034 2481 1144 2542 tamen
1169 2483 1297 2561 rogata,

133 2581 209 2660 quis
234 2580 400 2646 victimam
421 2586 625 2648 mactaturus
646 2583 666 2649 i.
676 2601 703 2649 e.
725 2582 797 2663 quis
816 2587 889 2648 tota
906 2582 1127 2649 immolatione
1147 2583 1297 2665 perfunc-

134 2693 233 2755 turus
254 2689 299 2752 sit
325 2689 370 2776 (v.
391 2694 470 2756 61⁷:
494 2684 590 2756 dicar
607 2690 643 2755 δὲ
661 2691 710 2768 τίς
730 2715 769 2776 με
791 2693 894 2776 κτ2;),
917 2691 1106 2774 respondet,
1123 2709 1214 2758 suum
1237 2694 1298 2758 hoc

133 2813 211 2864 esse
236 2796 377 2863 officium
400 2797 458 2885 (cf.
481 2817 546 2865 vss.
569 2805 630 2864 704
645 2800 714 2884 sp).
744 2798 888 2866 Ministri
909 2799 994 2865 enim
1013 2800 1170 2867 mandata
1191 2819 1297 2867 sacer·

133 2905 224 2972 dotis
261 2911 498 2988 exsequuntur,
542 2907 624 2973 haec
655 2913 757 2974 antea
783 2926 878 2974 sacra
906 2891 1103 2990 auspicatur.
1151 2910 1298 2992 Apparet

131 3013 253 3097 igitur,
295 3033 366 3080 eam
405 3015 557 3081 sacrificii
597 3015 725 3081 initium
766 3020 801 3080 et
837 3014 1002 3098 negotium
1043 3016 1297 3084 victimariorum

133 3141 181 3190 vs.
227 3128 290 3188 617
322 3122 593 3205 comprehendere
623 3125 657 3190 in
688 3143 796 3190 unum.
847 3123 970 3189 Eodem
1002 3125 1095 3191 modo
1125 3125 1297 3210 Iphigenia

133 3231 175 3296 de
219 3229 438 3297 immolatione
478 3249 537 3297 sua
579 3231 680 3314 ipsius
715 3231 856 3314 iudicat,
904 3250 976 3298 cum
1010 3235 1294 3322 Agamemnonem,

132 3337 189 3416 qui
212 3336 338 3402 Danais
360 3338 492 3403 caedem
514 3338 759 3404 conficientibus
781 3340 933 3404 sacerdos
954 3338 1055 3405 fuerit
1076 3341 1121 3427 (v.
1142 3346 1204 3409 359
1221 3343 1294 3428 sp),

132 3442 238 3526 ipsam
256 3443 463 3510 interfecisse
486 3444 566 3510 dicit
587 3450 663 3529 (uss,
676 3451 749 3512 566.
772 3447 860 3534 992).
884 3447 984 3514 Porro
1003 3467 1032 3514 v.
1048 3455 1087 3514 66
1110 3467 1173 3516 uno
1195 3453 1294 3518 verbo

131 3545 337 3638 κατάρχομαι
367 3570 531 3618 sacrorum
560 3553 644 3618 ritus
673 3555 708 3620 in
733 3555 919 3622 uuiversum
941 3556 1106 3624 describit.
1150 3559 1212 3644 (lle
1234 3561 1294 3627 hoc

134 3677 195 3726 usu
226 3658 321 3724 huius
348 3659 440 3725 verbi
471 3660 513 3727 cf.
536 3659 733 3728 Valckenar.
772 3663 814 3730 ad
847 3663 967 3730 Phoeu.
991 3683 1021 3732 v.
1045 3667 1131 3751 576).
1176 3666 1294 3749 Itaque

133 3767 302 3848 probabile
317 3786 389 3834 esse
405 3769 604 3853 negaverim,
628 3770 826 3853 Euripidem,
847 3772 1040 3854 praesertim
1062 3791 1132 3839 cum
1145 3792 1210 3840 vss.
1222 3776 1294 3863 (to)

133 3879 196 3942 335
231 3875 305 3952 tie.
330 3879 493 3943 antehoc
516 3877 710 3963 divertium)
738 3885 773 3944 et
798 3882 881 3945 1154
897 3899 942 3960 sq.
971 3886 1051 3946 1190
1073 3881 1193 3964 duplex
1222 3901 1293 3950 esse

134 3983 216 4052 illud
233 3983 439 4052 sacrificandi
457 4003 573 4052 munus
585 3986 751 4054 auditores
767 3987 909 4070 doceret,
928 3988 1007 4066 sola,
1027 3990 1293 4070 quemadmodum

135 4091 177 4156 Η.
200 4089 358 4159 Muellero
380 4093 505 4176 placet,
536 4095 699 4179 peregrini
720 4094 940 4178 dedicatione,
968 4114 1051 4178 quae
1074 4097 1292 4166 ministrorum

131 4199 293 4268 rationem
323 4202 523 4284 nonhabet,
552 4203 677 4271 animos
704 4207 925 4286 spectatorum
950 4205 1091 4274 voluisse
1110 4213 1291 4290 percutere.

237 4349 330 4434 Quae
344 4350 372 4416 si
386 4358 477 4418 recte
488 4351 656 4435 disputata
671 4359 757 4440 sunt,
780 4357 901 4424 orontio
914 4375 1034 4441 corum,
1062 4358 1117 4442 qui
1139 4357 1289 4428 Orestem
