2994 4902
623 305 833 368 ..47-

159 471 317 538 Ultimum
346 473 508 539 senarium
530 473 771 540 Herwerdenus
794 472 960 556 (Mnemos.
984 473 1047 539 vol.
1071 473 1110 539 V.
1132 494 1162 555 p.
1179 477 1234 562 29)
1255 493 1312 558 pro

157 581 385 663 suppositicio‚
413 579 600 665 Metagerus
626 582 772 668 (Blatter
793 586 853 647 etc
876 602 906 664 p.
928 585 1005 663 448)
1034 600 1092 665 pro
1121 582 1218 648 valde
1245 601 1314 650 sus-

157 693 256 771 pecto
276 689 385 755 babet.

262 797 348 862 Loco
370 796 459 864 vocis
482 820 527 883 γε,
549 815 644 878 quarn
667 796 796 863 codices
820 795 986 876 exhibent,
1009 801 1142 878 praeter
1151 797 1316 867 Klotzium

157 922 272 972 omnes
294 905 435 971 editores
456 910 547 972 recte
567 905 600 970 in
620 909 745 972 tentum
767 910 963 986 receperunt
986 905 1213 995 σφε(Μ11·111,).
1237 907 1316 973 Cum

157 1011 192 1077 in
216 1013 457 1079 constructione
479 1013 528 1078 ita
549 1016 630 1079 nata
643 1014 784 1098 νομίζων
798 1065 805 1077 .
820 1066 826 1077 .
841 1065 847 1077 .
863 1015 926 1078 τοῦ
947 1007 1053 1097 νόμον
1074 1007 1140 1080 ὕπο
1160 1010 1317 1102 θνήσκειν

157 1139 233 1204 σφε,
255 1120 332 1200 quia
352 1139 410 1203 pro
431 1121 620 1187 accusativo
643 1139 715 1187 cum
735 1121 897 1188 infinitivo
920 1121 1069 1204 syntaxis
1086 1121 1215 1189 Graeca
1238 1142 1317 1207 „nu-

158 1229 236 1296 dum
251 1228 468 1296 infinitivum“
484 1227 639 1311 requirat,
662 1233 732 1294 tum
753 1229 788 1294 in
810 1228 1030 1311 „intolerabili
1049 1229 1228 1314 languore“
1243 1249 1315 1299 ver-

158 1338 273 1402 borum
303 1339 359 1423 τῆς
386 1339 469 1402 θεοῦ
499 1330 577 1402 τάδε
605 1336 691 1402 iliaci
710 1329 889 1422 ἡγουμένης
911 1337 1152 1405 Herwerdenus
1173 1339 1317 1406 offendit.

158 1444 227 1510 Sed
250 1444 417 1510 dnmmodo
440 1443 474 1508 in
496 1443 666 1510 enuntiato
683 1437 756 1528 ου’χί
774 1439 834 1531 τὴν
851 1441 930 1531 ἐμὴν
944 1446 1050 1528 φονέα
1061 1448 1204 1532 νομίζων
1218 1460 1318 1534 χεῖρα,

159 1557 199 1620 nt
221 1553 312 1634 lieet,
335 1547 571 1618 11111111ἶναι
592 1551 754 1635 suppleas
776 1558 814 1618 nt
835 1553 1107 1620 constructionem
1131 1573 1213 1638 eam,
1235 1574 1319 1637 quae

159 1659 371 1727 accusativus
394 1677 464 1724 oum
493 1658 654 1725 infinitivo
678 1664 832 1742 vocatur,
862 1661 1108 1744 intellegamus,
1136 1662 1217 1730 illud
1247 1685 1318 1748 σφε,

159 1766 239 1846 qnia
269 1766 474 1833 enuntiatum
499 1771 563 1831 τοῦ
592 1759 698 1852 νόμου
727 1763 756 1832 δ’
780 1762 847 1833 ὕπο
878 1762 1035 1855 θνήσκειν
1056 1787 1117 1852 σφε
1144 1755 1244 1853 priori
1270 1773 1321 1838 illi

159 1875 346 1958 oppositum
367 1878 429 1957 est,
453 1874 533 1941 ferri
554 1874 686 1941 videtur
707 1894 809 1957 posse.
853 1876 1026 1944 Sententia
1047 1883 1157 1944 autem
1179 1881 1318 1946 vocabu·

159 1985 267 2050 lorum
294 1985 350 2070 τῆς
371 1986 456 2049 θεοῦ
477 1977 555 2050 τάδε
577 1979 672 2049 δίκαι’
693 1977 871 2071 ἡγουμένης
901 2003 941 2051 ex
969 1989 1063 2067 parte
1092 1986 1179 2052 inest
1205 1987 1239 2054 in
1259 1991 1321 2054 τοῦ

159 2083 268 2178 νόμον
292 2090 385 2176 (vide
415 2091 563 2174 exempla
585 2109 682 2173 supra
705 2092 755 2158 ad.
775 2111 806 2160 v.
831 2099 892 2159 339
915 2093 1056 2176 allata),
1088 2093 1145 2168 secl
1173 2112 1212 2160 1ο
1240 2095 1320 2179 ipso,

158 2200 249 2282 qnod
262 2199 404 2266 Dianam
423 2199 537 2281 ipsam,
559 2197 651 2264 ouius
672 2201 824 2267 sacerdos
845 2201 899 2284 sit,
919 2206 1086 2268 auctorem
1107 2202 1202 2269 huius
1224 2205 1321 2270 moris

157 2311 287 2376 diserte
308 2305 482 2390 significat,
504 2305 606 2372 multo
628 2307 779 2392 gravius,
803 2327 898 2389 quam
922 2328 993 2375 cum
1013 2309 1095 2375 nihil
1116 2309 1180 2376 nisi
1200 2329 1320 2377 morem

159 2419 265 2499 illum,
287 2414 378 2481 cuins
398 2415 489 2498 origo
506 2414 618 2480 Oresti
638 2415 753 2499 ignota
775 2421 865 2500 erat,
888 2417 923 2483 in
940 2416 1080 2483 medium
1099 2417 1242 2501 profert,
1266 2437 1319 2485 ex-

160 2531 260 2592 cusat
287 2522 371 2604 quod
390 2523 579 2606 peregrinos
600 2523 788 2591 interficiat.
833 2525 906 2608 Qua
927 2525 1055 2606 quidem
1076 2544 1113 2591 re
1134 2545 1174 2592 ac
1196 2527 1320 2594 diserta

160 2630 466 2700 commemoratione
488 2631 603 2697 mortis
623 2631 711 2699 illius
725 2633 849 2714 captivi
869 2634 1029 2715 sacerdos,
1053 2633 1203 2714 quoniam
1225 2635 1321 2702 buins

160 2741 246 2808 sorti
274 2739 458 2806 inevitabili
480 2739 630 2806 Orestem
651 2741 725 2808 vult
745 2741 870 2822 eripere
898 2742 960 2828 (vs
984 2746 1056 2808 582.
1078 2746 1139 2809 593
1158 2743 1238 2830 sp),
1266 2763 1321 2827 po-

160 2853 234 2918 test
255 2866 402 2931 sperare,
430 2849 532 2914 multo
552 2847 683 2914 facilius
711 2867 747 2914 so
773 2867 846 2915 enm
868 2852 1099 2915 commoturum
1128 2850 1222 2930 eique
1250 2869 1322 2934 per·

161 2975 333 3026 suasuram
356 2975 444 3039 esse,
467 2961 505 3021 ut
527 2957 667 3023 salutem
688 2960 868 3039 opportune
889 2957 1031 3023 oblatam
1055 2957 1173 3040 capiat.

270 3065 363 3148 Quae
386 3064 415 3130 si
437 3064 486 3130 ita
513 3069 606 3148 sunt,
640 3084 704 3132 non
737 3065 909 3148 babemus,
940 3082 1150 3133 conversum
1173 3067 1322 3134 597111-

161 3173 262 3258 ripiuli
289 3172 509 3240 abiudicemus
538 3178 637 3253 atque
659 3175 808 3240 trimetro
834 3174 895 3239 boc
918 3173 1027 3240 deleto
1050 3175 1093 3240 acl
1122 3175 1322 3258 elegantiam

161 3281 426 3361 brevitatemque
447 3280 599 3348 dictionis
621 3280 809 3348 efficiendas
831 3298 902 3347 cum
924 3280 1145 3348 Herwerdeno
1159 3283 1322 3350 senarium

164 3397 230 3456 586
253 3389 432 3456 scribamus

372 3515 477 3599 φονέα
496 3516 639 3601 νομίζων
660 3526 759 3602 χεῖρα,
781 3513 842 3581 τὸν
862 3511 966 3601 νόμον
985 3516 1022 3580 δέ
1042 3539 1125 3596 που;

597 3779 902 3787 --....-..-.----

234 4023 356 4090 Versus
379 4030 451 4091 588.
475 4019 597 4090 ου’δένα
611 4020 673 4108 γὰρ
694 4019 781 4108 εἰχον
802 4015 893 4101 ὅστις
913 4017 1056 4108 ἀγγεῖλαι
1074 4015 1189 4107 μολὼν

379 4135 451 4198 589.
474 4125 644 4214 εἰς”Αργος
667 4119 765 4208 αὖθις
783 4124 841 4206 τὰς
860 4126 939 4214 ἐμὰς
956 4123 1130 4206 ἐπιστολὰς

380 4243 451 4306 590.
474 4240 611 4324 πέμψειε
631 4240 751 4317 σωθεὶς
770 4241 841 4304 τῶν
861 4235 951 4323 ίμῶν
973 4237 1082 4320 φίλων
1102 4237 1176 4318 τινί,

170 4365 287 4444 quibus
304 4365 475 4448 Iphigenia
496 4368 529 4432 in
551 4364 642 4432 libris
663 4365 892 4446 manuscriptis
909 4364 1075 4431 consilium
1093 4363 1172 4430 illurl
1188 4363 1325 4446 probare
