2994 4902
627 293 839 354 ..60-

155 459 246 525 nobis
270 463 330 540 est,
354 458 442 524 illius
464 458 511 523 rei
533 459 727 525 mentionem
746 464 824 525 ante
844 459 1063 542 cognitionem
1084 476 1312 541 germanorum

154 585 217 633 non
240 572 317 649 apte
344 567 397 634 hic
420 567 612 634 collocatam
636 586 716 634 esse.
742 569 917 650 Attamen,
941 567 974 632 ni
995 566 1110 648 fallor,
1135 565 1233 632 facile
1255 585 1312 647 po-

155 679 222 740 test
256 674 395 741 defendi.
439 675 545 741 Valde
579 676 665 741 enim
696 675 873 756 requiritur
907 675 1144 741 sententiarum
1176 693 1311 741 conexu.

155 781 427 865 Nemorestem,
476 788 647 864 postquam
684 784 865 865 sepulcrum
899 783 1145 864 exstruendum,
1192 781 1313 850 sororis

154 891 292 957 salutem
314 890 508 958 servandam
530 892 633 958 amico
656 891 824 962 mandavit
845 909 980 972 eumque
999 892 1111 958 valere
1132 891 1235 972 iussit,
1259 890 1310 956 ita

152 1001 190 1065 ut
218 1000 260 1066 ad
293 1003 428 1065 mortem
459 1000 658 1066 subeundam
687 999 913 1082 paratissimus
942 999 1001 1082 sit,
1038 1017 1145 1065 nonne
1171 997 1311 1064 maxime

153 1111 405 1174 consentaneum
434 1112 501 1190 est,
534 1109 567 1174 in
598 1108 663 1175 fine
695 1110 850 1176 orationis
884 1113 989 1176 totam
1021 1109 1185 1174 fortunam
1216 1126 1310 1175 suam

153 1217 437 1298 comprehendere,
469 1235 518 1299 se,
544 1235 735 1297 quamquam
760 1218 936 1300 perfecerit
960 1217 1115 1298 quidquid
1137 1216 1246 1282 facere
1266 1219 1311 1282 ab

153 1323 303 1406 Apolline
326 1323 433 1390 iussus
454 1323 508 1405 sit,
540 1328 651 1390 tamen
673 1323 790 1406 capitis
813 1325 969 1406 supplicio
989 1324 1100 1390 affici?
1143 1324 1235 1389 Haec
1256 1343 1312 1390 res

157 1430 185 1496 si
206 1431 345 1513 abesset,
369 1431 544 1514 sententia,
568 1451 598 1496 1.
623 1437 684 1498 111
706 1433 869 1515 inchoata,
893 1436 981 1499 esset
1003 1431 1155 1498 mutilata
1167 1436 1312 1513 aptaque

153 1538 358 1605 conclusione
393 1538 533 1622 privata.
585 1540 702 1621 Apollo
736 1541 837 1623 enim,
883 1541 911 1606 si
952 1542 1074 1624 pudore
1107 1542 1310 1607 oraculorum

154 1651 330 1713 commotus
342 1646 491 1714 Orestem
509 1668 573 1714 non
583 1649 765 1731 decepisset
786 1650 847 1714 nisi
865 1650 923 1732 ita,
946 1654 1100 1736 utquam
1122 1649 1310 1733 longissime

151 1775 171 1822 a
185 1755 326 1821 Graecia
338 1773 409 1821 eum
423 1761 621 1838 removeret,
645 1757 784 1822 nondum
804 1758 931 1823 omnino
946 1757 1137 1838 decepisset.
1161 1756 1310 1837 Namque

151 1864 221 1930 fieri
244 1866 391 1946 poterat,
420 1867 458 1929 ut
480 1864 611 1930 oracula
631 1864 689 1930 illa
712 1865 747 1930 in
773 1866 952 1930 Taurorum
976 1868 1066 1930 terra
1088 1864 1310 1946 explerentur.

151 1971 268 2051 Itaque
290 1975 359 2036 tum
382 1971 517 2052 demum,
540 1989 612 2036 cum
634 1973 695 2037 hoc
717 1971 840 2038 factum
861 1991 923 2038 uon
948 1977 1009 2054 est,
1029 1973 1145 2053 Apollo
1158 1971 1311 2037 Orestem

151 2080 278 2147 omnino
305 2080 466 2146 destituit.
511 2082 620 2160 Atque
645 2081 705 2146 hoc
734 2081 888 2164 temporis
918 2084 1113 2147 momentum
1144 2098 1228 2146 nunc
1251 2081 1310 2146 ad-

152 2206 223 2254 esse
245 2187 356 2253 Oresti
377 2187 517 2254 uidetur,
562 2187 635 2253 Huc
663 2188 806 2271 accedit,
838 2188 922 2269 qnod
944 2187 1087 2270 Pylades
1118 2187 1193 2252 inde
1216 2205 1236 2252 a
1257 2205 1308 2252 va.

151 2302 212 2362 716
243 2313 383 2362 summas
412 2313 465 2361 res
494 2296 649 2362 orationis
677 2297 772 2362 amici
794 2295 946 2378 deinceps
975 2299 1127 2378 repetens
1150 2295 1310 2361 similibus

149 2404 257 2470 verbis
280 2405 321 2469 de
350 2403 409 2469 illa
441 2423 477 2469 re
499 2404 615 2468 utitur:
658 2400 697 2469 τὸ
719 2407 780 2470 τοῦ
799 2407 882 2470 θεοῦ
903 2397 1070 2490 μάντευμα
1091 2434 1134 2461 =
1151 2396 1170 2470 ὁ
1187 2407 1311 2484 Φοῖβος

147 2506 262 2597 μάντις
284 2506 350 2593 ὤν;
374 2511 409 2576 σὲ
432 2513 589 2596 διέφθορε
609 2541 651 2568 =
674 2506 932 2598 ἀνταπόλλυμαι.
979 2512 1071 2595 Quae
1102 2513 1230 2594 quidem
1256 2531 1310 2578 ar-

149 2623 305 2701 gumenta
335 2637 376 2684 ex
402 2619 473 2685 loco
502 2619 571 2702 ipso
600 2620 707 2700 petita
734 2621 865 2687 maioris
892 2621 1034 2687 arbitror
1054 2619 1208 2686 momenti
1234 2638 1310 2686 esse

150 2747 245 2808 quam
268 2729 315 2810 id,
342 2745 404 2808 quo
426 2726 688 2794 Wilamovitzius
710 2730 908 2795 seutentiam
930 2748 1021 2796 suam
1043 2727 1217 2794 defendere
1239 2731 1310 2793 stu-

151 2835 230 2901 duit.
276 2836 355 2902 Cum
379 2835 463 2902 enim
486 2837 676 2902 observasse
699 2837 760 2902 sibi
781 2839 942 2919 videatur,
964 2837 1170 2919 Euripidem,
1198 2855 1310 2916 quam·

152 2963 246 3024 quam
270 2949 307 3009 ut
328 2943 455 3010 omnino
478 2943 583 3026 iniis,
607 2962 687 3025 quas
710 2963 859 3028 suprema
880 2949 994 3010 aetate
1016 2943 1215 3025 scripsisset,
1238 2947 1309 3008 tra·
1391 3033 1394 3038 Ι

152 3051 275 3136 goediis
313 3052 362 3118 ita
381 3053 519 3118 maxime
536 3053 570 3118 in
596 3053 657 3119 bac
673 3053 844 3136 Iphigenia
862 3053 1039 3118 tractanda
1061 3052 1146 3117 haud
1168 3051 1218 3116 ita
1240 3069 1310 3116 ma-

150 3179 249 3244 gnam
269 3158 430 3241 posuisset
452 3160 672 3243 diligentiam,
702 3179 858 3241 nusquam
870 3166 981 3227 tamen
1001 3159 1142 3226 violasse
1158 3159 1310 3240 probabi-

150 3268 292 3351 litatem,
322 3267 417 3334 imum
440 3269 548 3349 potius
570 3269 624 3336 vel
644 3269 739 3335 nimis
761 3270 791 3334 ei
810 3269 990 3352 studuisse,
1022 3267 1227 3334 doctissimus
1249 3267 1309 3334 ille

148 3376 199 3442 vir
222 3375 283 3441 sibi
301 3376 474 3459 persuasit,
498 3376 597 3442 etiam
614 3378 675 3443 hoc
697 3376 767 3443 loco
789 3382 919 3458 poetam
940 3397 959 3442 a
978 3375 1105 3460 legibus
1128 3374 1198 3442 veri
1220 3375 1308 3442 simi·

147 3484 295 3550 litudinis
318 3503 382 3550 non
397 3485 577 3552 aberrasse.
622 3485 778 3551 Fortasse
793 3490 902 3552 autem
918 3503 1026 3550 rerum
1039 3483 1307 3566 probabilitatem

148 3592 234 3658 tueri
255 3592 344 3674 licet,
367 3593 659 3660 dummodoversus
676 3592 751 3659 illos
772 3595 826 3660 vel
849 3594 919 3660 sola
942 3595 1044 3660 verba
1064 3593 1187 3679 μητέρα
1207 3615 1306 3657 κατα.

147 3695 226 3778 κτάς
248 3705 393 3768 actorem
418 3719 568 3768 aversum
590 3721 611 3767 a
636 3702 749 3784 choro,
781 3720 821 3767 ne
851 3703 893 3768 ab
916 3704 976 3768 hoo
998 3701 1104 3767 audiri
1126 3694 1305 3785 uideretur,

150 3808 308 3874 submissa
334 3828 413 3876 voce
442 3809 669 3891 pronuntiasse
699 3814 890 3876 statuamus.
915 3810 957 3876 cl'.
980 3809 1097 3875 Helen.
1124 3814 1219 3876 1197:
1249 3810 1307 3875 ubi

149 3915 407 4000 theoclymenus
436 3918 526 3983 clara
553 3936 633 3985 uoce
663 3917 760 3984 dicit:
792 3912 891 3984 οὐδέν
913 3942 945 3983 τι
968 3919 1071 4002 χαίρω
1094 3927 1162 3994 σοῖς
1184 3911 1304 4001 λόγοις,

148 4023 243 4090 einde
272 4025 431 4092 submissa
456 4022 497 4092 τὰ
518 4021 547 4092 d'
569 4021 706 4112 εὐτυχῶ.
736 4027 804 4095 Ion.
830 4032 928 4093 1521:
961 4022 1048 4111 δεῦρ’
1068 4019 1154 4091 ἔλθ’·
1177 4025 1222 4102 εἰς
1247 4012 1306 4102 οὖς

148 4152 200 4199 σοι
233 4130 311 4213 τούς
347 4126 465 4220 λόγους
494 4135 595 4202 εἰπεῖν
630 4137 721 4201 θέλω
754 4140 824 4202 κτλ.
877 4134 1042 4202 Heraclia.
1070 4140 1143 4201 962.
1180 4133 1305 4198 Hecub.

146 4248 325 4313 rao—751.

564 4422 871 4434 m
