2994 4902
666 321 881 385 ..67-

195 487 293 553 altari
310 505 467 568 personae
490 489 605 572 „plna
624 508 719 571 quam
735 490 769 556 in
784 487 1056 556 antecedentibus
1066 488 1166 555 tribui
1184 487 1354 555 dicenda.“

194 594 312 674 ltaque
334 613 395 678 ego
412 614 538 676 quoque
560 615 657 662 unam
678 596 730 662 hic
753 613 825 662 esse
843 595 1108 679 stichomytlriam
1129 595 1201 663 veri
1216 594 1355 662 similius

194 704 282 782 puto.
319 702 477 769 Attamen
501 704 636 770 multum
658 705 762 786 abest,
786 708 824 769 ut
847 703 1041 770 Behrnsinm
1063 706 1195 769 secutus
1217 703 1260 769 ad
1283 721 1354 770 earn

195 809 399 878 efficiendam
421 830 551 879 versum
575 818 636 878 811
660 813 890 895 interpolatori
916 812 1067 878 tribuam.
1112 812 1196 878 Nam
1218 811 1356 878 maxime

196 921 449 985 consentaneum
471 923 533 1002 est,
556 918 706 986 Orestem
724 920 800 987 illas
821 939 875 987 res
894 919 956 986 sibi
977 925 1082 1002 notas,
1104 938 1185 1000 quas
1200 919 1270 1002 ipse
1291 938 1356 985 non

195 1023 326 1108 viderit,
348 1026 484 1092 aliorum
503 1027 624 1094 auxilio
642 1046 809 1112 cognosse,
831 1029 852 1094 i.
865 1047 890 1094 e.
907 1028 950 1094 ab
962 1027 1037 1094 aliis
1056 1027 1232 1096 audivisse.
1264 1028 1356 1111 Quae

195 1151 250 1199 res
270 1137 379 1216 potest
396 1135 523 1216 quidem
544 1154 586 1202 ex
603 1137 703 1203 verbo
725 1132 824 1202 οἶσθα
846 1135 1004 1218 concludi,
1028 1135 1086 1201 sed
1107 1141 1219 1202 tamen
1235 1137 1357 1202 maiore

195 1241 229 1309 vi
248 1241 380 1310 videtur
400 1243 574 1311 efferenda.
607 1245 740 1311 Etenim
753 1246 928 1311 membrum
950 1237 972 1309 ci
993 1239 1022 1309 δ’
1031 1239 1121 1310 εἶδον
1142 1239 1244 1322 αὐτὸς
1262 1264 1358 1326 oppo-

196 1349 346 1416 sitionem
368 1351 505 1431 requirit
533 1352 681 1435 graviter
705 1353 950 1434 pronuntiatam
973 1356 1072 1432 atque
1092 1351 1267 1433 Euripides
1294 1371 1358 1435 τοο,

196 1476 277 1538 quas
296 1459 450 1542 deinceps
470 1465 521 1525 est
542 1465 763 1542 tractaturuS,
787 1461 909 1527 diserte
938 1460 1023 1526 solet
1044 1478 1239 1541 proponere:
1273 1460 1358 1526 Med.

197 1571 260 1631 535
278 1583 324 1647 sq.
350 1605 390 1616 -
414 1561 461 1644 ὡς
483 1564 547 1652 ἐγώ
570 1562 696 1652 φράσω.
724 1573 926 1653 πρῶτον.
954 1617 960 1632 .
986 1617 992 1631 .
1018 1617 1025 1632 .
1049 1579 1267 1645 κατοικεῖς
1288 1574 1361 1639 κτλ.

200 1678 278 1740 547:
303 1661 324 1734 ἃ
343 1665 376 1734 δ”
392 1677 437 1754 εἰς
455 1670 578 1762 γάμους
599 1700 655 1762 μοι
670 1672 860 1756 βασιλικοὺς
883 1671 1122 1758 desidiores,
1145 1675 1181 1741 ἐν
1195 1677 1283 1762 τῷδε
1301 1676 1361 1741 δεῖ·

196 1787 245 1861 ξω
266 1786 386 1867 πρῶτα
412 1783 471 1869 μὲν
501 1782 604 1867 σοφὸς
625 1778 743 1870 γεγώς,
773 1783 885 1850 ἔπειτα
908 1779 1066 1868 σώφρων,
1094 1779 1163 1849 εἶτα
1193 1785 1241 1849 σοὶ
1265 1783 1363 1869 μέγας

196 1893 290 1972 φίλος
319 1893 371 1956 καὶ
398 1895 490 1958 παισὶ
517 1906 587 1971 τοῖς
614 1892 749 1978 ἐμοῖσιν.
795 1893 909 1958 Helen.
938 1899 1005 1958 138.
1030 1885 1090 1958 δύο
1114 1887 1247 1957 δ’ἐστὸν
1262 1888 1361 1976 λόγω.

198 2003 270 2064 139.
300 1993 442 2084 πότερος
470 1993 488 2064 ὁ
520 2001 739 2084 κρείσσων..
765 2052 771 2065 .
798 2004 853 2065 141
887 1993 1033 2083 θάτερον
1057 1999 1155 2079 dieu
1189 1999 1267 2064 Hec.
1289 2005 1361 2064 986.

195 2109 333 2190 πρῶτον
353 2106 412 2191 μὲν
434 2105 576 2172 εἰπὲ...
597 2103 638 2172 τὰ
659 2101 773 2172 ddrra
784 2101 939 2192 δεύτερον
963 2100 1166 2192 σ’ἕρήσομαι.
1196 2104 1364 2171 Heraclid.

196 2219 277 2281 236:
305 2215 431 2299 τρὶσσαι
452 2209 484 2299 μ’
506 2207 724 2300 ἀναγκάζουσι
748 2217 919 2300 συμφορᾶς
941 2207 1014 2280 ὁδοί
1036 2263 1044 2279 .
1068 2269 1074 2282 .
1098 2263 1105 2279 .
1128 2215 1218 2300 (238)
1238 2209 1278 2278 τὸ
1304 2214 1363 2298 μὲν

195 2321 348 2407 μέγιστον
371 2374 377 2386 .
401 2375 408 2386 .
431 2324 546 2409 ,(240)
568 2320 607 2388 τὸ
620 2324 768 2408 συγγενὲς
789 2378 796 2391 .
817 2375 823 2388 .
847 2377 854 2390 .
877 2372 883 2389 .
908 2324 996 2408 (243)
1012 2318 1051 2387 τὸ
1071 2313 1216 2407 αἰσχρόν.
1240 2321 1362 2407 (suppl.

197 2432 286 2515 901).
330 2428 405 2494 Huc
427 2430 569 2512 accedit,
600 2431 698 2512 quod,
729 2437 887 2512 utsupra
914 2429 1089 2496 ostendere
1112 2429 1222 2495 conati
1245 2447 1363 2511 sumna,

196 2557 228 2604 v.
260 2544 322 2603 782
351 2538 393 2603 ad
424 2538 569 2604 ordinem
605 2539 843 2604 sententiarum
872 2538 1084 2604 reficiendum
1113 2543 1192 2602 ante
1221 2556 1270 2604 vs.
1300 2543 1363 2604 810

197 2644 405 2710 collocandus
428 2651 487 2713 est.
533 2645 604 2728 Quo
625 2645 678 2728 fit,
707 2651 744 2712 ut
772 2647 958 2727 aequalitas
984 2665 1190 2712 numerorum
1212 2664 1363 2714 versuum

199 2751 333 2819 oriatur.
358 2747 467 2836 ἄκουε,
493 2755 577 2835 quod
598 2754 631 2818 in
653 2755 817 2820 codicibus
838 2759 959 2836 exstat,
983 2754 1134 2837 omnium,
1159 2754 1214 2834 qui
1233 2772 1363 2820 versurn

197 2861 353 2944 retinent,
377 2880 539 2928 consensu
557 2867 648 2928 recte
670 2863 898 2929 aMarklando
922 2863 1129 2928 emendatum
1152 2866 1204 2928 est
1226 2863 1259 2927 in
1280 2857 1364 2946 ἀκοῇ

197 2969 339 3054 (Heracl.
362 2968 507 3038 1111962
531 2964 644 3056 α’κοήν.
670 2969 790 3036 Plroen.
812 2973 903 3056 819);
927 2970 1002 3034 inde
1016 2965 1202 3055 Ἠλέκτρας
1221 2970 1363 3036 scriben-

197 3078 272 3144 dum
294 3095 366 3144 esse
389 3082 537 3160 apparet.
986 3073 989 3080 '

632 3236 882 3244 u——m
888 3238 938 3243 --..

301 3403 451 3485 Orestem
474 3406 646 3486 postquam
668 3420 725 3484 ea,
754 3419 838 3481 quaa
862 3402 903 3467 ab
924 3401 1063 3468 Electra
1082 3401 1271 3484 audiverat,
1293 3419 1365 3484 pro-

198 3510 374 3592 nuntiavit,
395 3509 438 3592 id,
455 3510 540 3590 quod
555 3509 626 3590 ipse
639 3507 724 3576 vidit
738 3507 771 3574 in
787 3509 882 3573 domo
896 3514 1046 3593 paterna,
1070 3509 1211 3590 profert:
1236 3509 1366 3590 Pelopis

197 3621 325 3686 lrastanr
348 3619 381 3683 in
404 3617 598 3702 Iphigeniae
619 3617 770 3684 conclavi
790 3617 1026 3696 absconditam,

299 3746 330 3795 v.
355 3731 428 3794 823.
452 3727 606 3803 Πέλοπος
627 3720 774 3791 παλαιὰν
801 3723 837 3791 ἐν
860 3721 974 3810 δόμοις
996 3720 1116 3811 λόγχην
1138 3721 1265 3808 πατρὸς

351 3946 424 4009 826.
448 3941 485 4008 ἐν
507 3945 706 4028 παρθενῶσι
727 3954 818 4008 τοῖσι
835 3951 904 4018 σοῖς
925 3940 1161 4027 κεκρυμμένην.

196 4047 293 4114 Hunc
315 4066 444 4118 versum
467 4048 700 4132 interpolatori
725 4051 866 4116 fortasse
894 4049 1103 4115 tribuendum
1124 4065 1196 4113 esse
1214 4045 1256 4111 W
1259 4044 1369 4112 ilanio·

196 4156 316 4224 vitzius
334 4157 442 4244 (Arnai.
457 4178 487 4242 p.
502 4163 578 4240 245)
603 4157 755 4242 coniecit,
779 4158 855 4238 quia
875 4151 1118 4243 circyrmpcopqi
1142 4153 1322 4237 sufficeret,
1342 4154 1370 4218 si

197 4264 332 4330 Orestes
345 4266 474 4333 hastam
497 4265 531 4332 iu
553 4267 691 4333 aedibus
706 4266 813 4349 patris
828 4265 964 4334 vidisset
988 4285 1028 4332 ac
1052 4265 1209 4330 conclave
1231 4261 1370 4344 virginis

197 4379 286 4438 esset
308 4373 421 4440 rnirnnr
444 4373 747 4442 armamentarium.
1131 4453 1163 4506 5*
