2994 4902
663 305 878 366 ...13-

293 472 452 540 Defendit
474 490 603 539 versum
622 471 762 538 Kricala
778 471 893 554 (Beitr.
902 473 1026 553 6617),
1048 469 1100 535 cui
1121 467 1347 535 assentiuntur

177 583 378 666 Koechlyus
399 579 538 645 Weilius
560 581 708 646 Bauerus
728 578 895 660 Klotnius,
931 579 1016 644 hunc
1040 578 1110 643 fere
1145 577 1179 642 in
1209 576 1345 642 modum.

178 689 332 756 Primum
354 689 464 756 Oresti
494 693 529 753 et
555 689 673 771 Pyladi
703 707 782 770 opus
811 705 882 753 esse
912 686 1012 770 scire,
1044 686 1183 752 numad
1208 685 1346 767 camin

178 817 251 878 qua
274 799 356 864 deae
379 799 503 880 signnm
528 797 573 862 sit
592 797 742 878 positum,
764 796 878 862 aedem
899 795 1058 862 venerint.
1102 793 1230 860 Deinde
1252 793 1346 859 Euri·

178 906 294 989 pidem
329 906 487 988 voluisse,
524 905 708 985 auditorem
743 904 927 986 priusquam
957 902 1143 970 accuratius
1178 902 1347 968 consilium

178 1015 432 1097 peregrinorum
453 1013 714 1096 perspexissent,
746 1012 858 1078 statim
885 1012 1042 1078 nonnulla
1068 1010 1286 1093 imprimisque
1313 1010 1348 1075 id

179 1123 355 1204 accipere,
382 1121 530 1188 consulto
560 1139 616 1186 eos
642 1121 705 1186 huo
733 1119 930 1200 tetendisse3
959 1137 1042 1199 quae
1071 1137 1124 1184 res
1150 1119 1179 1184 si
1207 1119 1346 1198 deesset,

180 1236 393 1314 spectatores
414 1230 513 1295 valde
540 1229 714 1294 miraturos
736 1227 855 1310 fuisse,
878 1229 962 1308 quod
992 1225 1187 1292 timidissimi
1215 1225 1264 1291 illi
1291 1225 1348 1291 ad·

181 1357 312 1420 venae,
343 1338 537 1417 simulatque
558 1339 717 1402 humanas
739 1335 863 1402 hostias
883 1354 942 1417 pro
964 1337 1024 1400 hoc
1046 1336 1167 1416 templo
1190 1334 1349 1400 immolari

180 1445 514 1526 animadvertissent,
550 1463 614 1511 non
644 1443 817 1509 confestim
851 1443 951 1525 fugae
980 1462 1015 1508 se
1049 1443 1260 1524 mandarent,
1291 1443 1348 1508 sed

182 1555 302 1622 lanum
316 1555 570 1636 specularentur,
600 1554 683 1617 Tum
698 1553 737 1618 de
754 1551 987 1633 stichomythia
1005 1552 1086 1616 haec
1108 1569 1179 1616 esse
1202 1551 1349 1616 dicenda.

183 1664 315 1728 Versus
331 1667 371 1728 67
385 1668 420 1727 66
436 1668 477 1727 66
500 1661 714 1743 pronuntiari,
737 1661 813 1726 dum
834 1658 1000 1743 peregrini
1020 1659 1061 1724 ab
1085 1664 1231 1724 extrema
1252 1677 1351 1724 scena

186 1778 290 1855 („ans
317 1771 388 1835 dem
425 1768 708 1855 Hintergrunde“)
744 1769 944 1850 prodeuntes
976 1768 1019 1833 ad
1049 1768 1204 1849 templum
1231 1767 1353 1834 adituri

184 1881 267 1946 sint.
314 1879 506 1958 Priusquam
528 1877 613 1943 enim
636 1877 766 1961 longius
785 1879 981 1958 procedant,
1013 1876 1125 1942 videre
1147 1894 1201 1940 eos
1223 1876 1352 1958 debere,

191 2007 273 2056 num
306 1989 377 2068 quis
406 2005 508 2070 prope
535 1987 691 2067 templum
714 1985 767 2051 sit.
813 1985 893 2050 Cum
911 1991 1019 2051 autem
1043 1985 1201 2051 neminem
1223 2001 1357 2066 aspexe-

185 2096 275 2176 rint,
299 2100 468 2176 postquam
487 2094 530 2159 ad
551 2094 665 2162 aedem
690 2092 919 2177 constiterint,
948 2093 1092 2175 incipere
1119 2093 1238 2158 amicos
1259 2093 1355 2157 66116-

186 2204 318 2284 quium,
340 2209 395 2284 ut,
419 2201 511 2268 brevi
533 2202 708 2268 intervallo
730 2206 804 2283 post
833 2219 964 2268 versum
987 2208 1030 2268 68
1055 2201 1160 2278 facto,
1188 2201 1355 2267 exoriatur

186 2311 426 2392 stichomythia
447 2310 523 2378 inde
546 2329 566 2376 a
584 2314 742 2389 sequente
763 2327 870 2377 versu.

296 2418 418 2484 Contra
440 2418 614 2484 Kvicalam
640 2417 819 2485 Behrnsius
846 2419 928 2485 haec
957 2419 1059 2485 habet
1084 2437 1167 2498 quae
1197 2416 1351 2499 proferat.

185 2531 360 2610 Apparere
380 2545 420 2592 ex
440 2545 487 2594 vs.
510 2532 561 2594 69.
585 2527 626 2592 de
649 2526 810 2592 industria
832 2526 1024 2610 peregrinos
1051 2527 1093 2594 ad
1111 2527 1221 2593 fanum
1244 2528 1351 2594 venis-

185 2655 235 2718 se,
259 2639 360 2716 atque
383 2654 424 2700 ex
445 2653 509 2702 uss.
528 2641 577 2700 67.
601 2640 672 2715 66,
703 2634 821 2716 qnippe
846 2636 961 2715 quibus
990 2636 1177 2702 cautissime
1205 2641 1239 2700 et
1266 2636 1350 2701 timi-

186 2743 324 2810 dissime
345 2761 380 2809 se
402 2747 530 2827 gerant,
553 2741 696 2822 aliquam
712 2753 781 2808 rem
803 2761 859 2809 eos
877 2743 992 2810 moliri.
1040 2745 1119 2810 Cum
1131 2762 1208 2811 vero
1222 2751 1349 2827 specta·

185 2859 281 2920 tores
301 2869 330 2917 u.
343 2858 382 2917 69
396 2857 481 2917 6671
499 2851 628 2917 nomina
645 2849 782 2932 Pyladis
801 2855 836 2914 et
853 2850 981 2916 Orestis
1003 2852 1198 2934 audiverint,
1222 2853 1351 2919 minime

185 2958 429 3027 neccessarium
459 2977 546 3042 esse,
579 2964 736 3024 accurate
763 2957 840 3024 addi
864 2959 964 3042 Argis
992 2959 1066 3025 illos
1093 2979 1165 3026 esse
1186 2961 1351 3043 profectos

184 3069 243 3157 (of.
264 3066 364 3133 etiam
376 3085 439 3134 666.
454 3071 496 3133 45
516 3072 552 3132 66
567 3067 633 3154 66).
678 3067 779 3134 Posse
802 3067 941 3147 quidem,
961 3069 1070 3152 porgit
1091 3069 1148 3135 ille
1169 3070 1349 3154 disputans

184 3177 347 3256 advenas,
365 3175 552 3258 priusquam
564 3174 599 3240 in
618 3176 823 3256 proscenium
837 3175 1097 3261 progrediantur,
1119 3197 1233 3244 versus
1245 3187 1285 3245 67
1302 3199 1349 3260 sq.

184 3284 294 3365 loqui,
328 3285 384 3349 sed
410 3285 499 3350 nullo
528 3284 592 3349 alio
622 3283 716 3350 modo
746 3282 809 3350 nisi
831 3283 896 3367 ita,
920 3287 958 3351 ut
980 3289 1182 3368 spectatores
1204 3289 1350 3356 audiant.

187 3391 288 3477 Quod
316 3396 353 3456 nt
382 3391 505 3458 factum
530 3391 592 3474 sit,
625 3409 690 3456 non
721 3409 793 3458 6666
821 3391 994 3458 discrimen
1016 3394 1104 3460 inter
1124 3413 1269 3478 versum,
1300 3398 1355 3478 qui

183 3505 316 3570 extra
343 3517 473 3566 scenam
495 3501 549 3568 vel
578 3500 613 3565 in
641 3505 789 3568 extrema
817 3517 915 3568 scena
940 3506 975 3567 et
1005 3521 1077 3568 enm
1107 3506 1161 3584 qui
1190 3504 1223 3570 in
1246 3504 1350 3586 prima

183 3608 426 3696 pronuntietm.

293 3717 480 3801 Praeterea,
504 3734 696 3798 quamquam
717 3735 815 3784 versu
838 3725 878 3784 70
899 3718 1007 3784 deleto
1030 3719 1263 3803 stichomythia
1285 3742 1347 3790 non

184 3825 314 3892 habeat
337 3826 501 3891 exordium
524 3825 658 3891 duorum
680 3843 850 3907 versuum,
873 3826 1002 3892 minime
1024 3827 1237 3894 dubitandum
1266 3850 1347 3916 esse,

184 3933 269 4016 quin
285 3932 433 4000 versibus
448 3939 488 4000 67
503 3951 571 4014 sqq.
594 3933 704 3999 brevis
725 3933 784 3999 illa
807 3933 945 4016 quidem,
967 3934 1025 4000 sed
1041 3939 1152 4002 tamen
1167 3935 1255 4004 iusta
1273 3957 1347 4004 con·

183 4042 346 4110 tineatur.

297 4148 382 4232 Quid
399 4169 478 4216 vero
501 4149 652 4216 Klotzius
673 4149 824 4232 voluerit,
848 4150 903 4218 vix
925 4150 1128 4232 inveniatur,
1152 4153 1205 4234 qui
1227 4153 1348 4237 perspi·

183 4257 275 4338 ciat3
306 4275 380 4324 uam
406 4277 479 4324 cnm
508 4258 624 4325 doctus
654 4257 710 4324 ille
737 4260 788 4327 vir
810 4259 969 4328 Kvioalae
1001 4259 1128 4326 omnino
1158 4262 1347 4346 assentitur,

184 4377 258 4434 tum
290 4365 359 4448 ipse
382 4368 644 4452 stichomythianr
669 4387 699 4436 v.
723 4376 762 4434 69
785 4389 830 4448 sq.
861 4375 1033 4451 propterea
1049 4367 1132 4435 'esse
1162 4371 1346 4454 neglectam
